%YAML 1.1
%TAG !u! tag:unity3d.com,2011:
--- !u!1 &4331431106160709450
GameObject:
  m_ObjectHideFlags: 0
  m_CorrespondingSourceObject: {fileID: 0}
  m_PrefabInstance: {fileID: 0}
  m_PrefabAsset: {fileID: 0}
  serializedVersion: 6
  m_Component:
  - component: {fileID: 4331431106160709456}
  - component: {fileID: 4331431106160709457}
  - component: {fileID: 4331431106160709460}
  - component: {fileID: 4331431106160709461}
  - component: {fileID: 6431762732740050956}
  m_Layer: 16
  m_Name: PICKUP PART BASE
  m_TagString: Untagged
  m_Icon: {fileID: 0}
  m_NavMeshLayer: 0
  m_StaticEditorFlags: 0
  m_IsActive: 1
--- !u!4 &4331431106160709456
Transform:
  m_ObjectHideFlags: 0
  m_CorrespondingSourceObject: {fileID: 0}
  m_PrefabInstance: {fileID: 0}
  m_PrefabAsset: {fileID: 0}
  m_GameObject: {fileID: 4331431106160709450}
  m_LocalRotation: {x: 0, y: 0, z: 0, w: 1}
  m_LocalPosition: {x: -106.88263, y: 15.346719, z: 0}
  m_LocalScale: {x: 1, y: 1, z: 1}
  m_Children: []
  m_Father: {fileID: 0}
  m_RootOrder: 0
  m_LocalEulerAnglesHint: {x: 0, y: 0, z: 0}
--- !u!212 &4331431106160709457
SpriteRenderer:
  m_ObjectHideFlags: 0
  m_CorrespondingSourceObject: {fileID: 0}
  m_PrefabInstance: {fileID: 0}
  m_PrefabAsset: {fileID: 0}
  m_GameObject: {fileID: 4331431106160709450}
  m_Enabled: 1
  m_CastShadows: 0
  m_ReceiveShadows: 0
  m_DynamicOccludee: 1
  m_MotionVectors: 1
  m_LightProbeUsage: 1
  m_ReflectionProbeUsage: 1
  m_RayTracingMode: 0
  m_RenderingLayerMask: 1
  m_RendererPriority: 0
  m_Materials:
  - {fileID: 2100000, guid: d905710c44976415991cc7aff39cfb39, type: 2}
  m_StaticBatchInfo:
    firstSubMesh: 0
    subMeshCount: 0
  m_StaticBatchRoot: {fileID: 0}
  m_ProbeAnchor: {fileID: 0}
  m_LightProbeVolumeOverride: {fileID: 0}
  m_ScaleInLightmap: 1
  m_ReceiveGI: 1
  m_PreserveUVs: 0
  m_IgnoreNormalsForChartDetection: 0
  m_ImportantGI: 0
  m_StitchLightmapSeams: 0
  m_SelectedEditorRenderState: 0
  m_MinimumChartSize: 4
  m_AutoUVMaxDistance: 0.5
  m_AutoUVMaxAngle: 89
  m_LightmapParameters: {fileID: 0}
  m_SortingLayerID: 0
  m_SortingLayer: 0
  m_SortingOrder: 0
  m_Sprite: {fileID: -7496056681565979719, guid: 64314a0420c93471b9990c7b9f080a39,
    type: 3}
  m_Color: {r: 1, g: 1, b: 1, a: 1}
  m_FlipX: 0
  m_FlipY: 0
  m_DrawMode: 0
  m_Size: {x: 0.3125, y: 0.09375}
  m_AdaptiveModeThreshold: 0.5
  m_SpriteTileMode: 0
  m_WasSpriteAssigned: 1
  m_MaskInteraction: 0
  m_SpriteSortPoint: 0
--- !u!114 &4331431106160709460
MonoBehaviour:
  m_ObjectHideFlags: 0
  m_CorrespondingSourceObject: {fileID: 0}
  m_PrefabInstance: {fileID: 0}
  m_PrefabAsset: {fileID: 0}
  m_GameObject: {fileID: 4331431106160709450}
  m_Enabled: 1
  m_EditorHideFlags: 0
  m_Script: {fileID: 11500000, guid: 93c067c16413d40dba78137e8499cb98, type: 3}
  m_Name: 
  m_EditorClassIdentifier: 
  IgnoreCull: 0
  culled: 0
  TeamFlags: 0
  Instigator: {fileID: 0}
  body: {fileID: 0}
  box: {fileID: 6431762732740050956}
  renderer: {fileID: 0}
  animator: {fileID: 4331431106160709461}
  AutoPopulateLists: 1
  IgnoreCollideObjects: []
  spriteRenderers: []
  UseGravity: 1
  IsStatic: 0
  velocity: {x: 0, y: 0}
  inertia: {x: 0, y: 0}
  overrideVelocity: {x: 0, y: 0}
  carryEntity: {fileID: 0}
  carryConveyorBelt: {fileID: 0}
  conveyorMove: {x: 0, y: 0}
  friction: 0.05
  raylength: 0.01
  contactSeparation: 0.01
  DownOffset: 0
  collideRight: 0
  collideLeft: 0
  collideTop: 0
  collideBottom: 0
  EnablePathing: 0
  AgentTypeName: Small
  damageGraceActive: 0
  CanTakeDamage: 1
  DamageThreshold: 1
  ReflectIfBelowThreshold: 0
  Health: 3
  MaxHealth: 5
  soundHit: {fileID: 0}
  flashInterval: 0.05
  flashCount: 5
  ContactDamageDefinition: {fileID: 0}
  CrushDamageDefinition: {fileID: 0}
  EnableDeathSequence: 0
  boomDuration: 3
  boomRadius: 0.3
  boomFadeColor: {r: 0.9926471, g: 0.3533663, b: 0.2627595, a: 1}
  UseGlobalExplosion: 1
  dead: 0
  soundDeath: {fileID: 0}
  SpawnOnDeath: []
  EventDeath:
    m_PersistentCalls:
      m_Calls: []
  EventDestroyed:
    m_PersistentCalls:
      m_Calls: []
  CharacterLayer: 0
  AnimatedCharacterParts: []
  soundPickup: {fileID: 8300000, guid: 3c44a54d4dd494488a130ab13913709b, type: 3}
  weaponDefinition: {fileID: 0}
  abilityDefinition: {fileID: 0}
  SelectOnContact: 0
  EnableHighlight: 1
  unique: 0
  uniqueFloat0: 0
  uniqueInt0: 0
  PickupPart: 1
--- !u!95 &4331431106160709461
Animator:
  serializedVersion: 3
  m_ObjectHideFlags: 0
  m_CorrespondingSourceObject: {fileID: 0}
  m_PrefabInstance: {fileID: 0}
  m_PrefabAsset: {fileID: 0}
  m_GameObject: {fileID: 4331431106160709450}
  m_Enabled: 0
  m_Avatar: {fileID: 0}
  m_Controller: {fileID: 9100000, guid: f62018aaf2e5145f580861b366e28571, type: 2}
  m_CullingMode: 0
  m_UpdateMode: 0
  m_ApplyRootMotion: 0
  m_LinearVelocityBlending: 0
  m_WarningMessage: 
  m_HasTransformHierarchy: 1
  m_AllowConstantClipSamplingOptimization: 1
  m_KeepAnimatorControllerStateOnDisable: 0
--- !u!61 &6431762732740050956
BoxCollider2D:
  m_ObjectHideFlags: 0
  m_CorrespondingSourceObject: {fileID: 0}
  m_PrefabInstance: {fileID: 0}
  m_PrefabAsset: {fileID: 0}
  m_GameObject: {fileID: 4331431106160709450}
  m_Enabled: 1
  m_Density: 1
  m_Material: {fileID: 0}
  m_IsTrigger: 0
  m_UsedByEffector: 0
  m_UsedByComposite: 0
  m_Offset: {x: 0, y: 0}
  m_SpriteTilingProperty:
    border: {x: 0, y: 0, z: 0, w: 0}
    pivot: {x: 0.5, y: 0.5}
    oldSize: {x: 0.25, y: 0.25}
    newSize: {x: 0.3125, y: 0.09375}
    adaptiveTilingThreshold: 0.5
    drawMode: 0
    adaptiveTiling: 0
  m_AutoTiling: 0
  serializedVersion: 2
  m_Size: {x: 0.21875, y: 0.15625}
  m_EdgeRadius: 0
