%YAML 1.1
%TAG !u! tag:unity3d.com,2011:
--- !u!1 &1301624615008601836
GameObject:
  m_ObjectHideFlags: 0
  m_CorrespondingSourceObject: {fileID: 0}
  m_PrefabInstance: {fileID: 0}
  m_PrefabAsset: {fileID: 0}
  serializedVersion: 6
  m_Component:
  - component: {fileID: 1810661693476826660}
  - component: {fileID: 6678510127022060324}
  m_Layer: 0
  m_Name: p_R_2
  m_TagString: Untagged
  m_Icon: {fileID: 0}
  m_NavMeshLayer: 0
  m_StaticEditorFlags: 4294967295
  m_IsActive: 1
--- !u!4 &1810661693476826660
Transform:
  m_ObjectHideFlags: 0
  m_CorrespondingSourceObject: {fileID: 0}
  m_PrefabInstance: {fileID: 0}
  m_PrefabAsset: {fileID: 0}
  m_GameObject: {fileID: 1301624615008601836}
  m_LocalRotation: {x: 0, y: 0, z: 0, w: 1}
  m_LocalPosition: {x: 0, y: 0, z: 0}
  m_LocalScale: {x: 1, y: 1, z: 1}
  m_Children:
  - {fileID: 8467582440478409312}
  - {fileID: 9210856500098230742}
  - {fileID: 1964539700071711496}
  - {fileID: 5475630511115758935}
  - {fileID: 5665360543678983079}
  - {fileID: 1322134489372587981}
  - {fileID: 7293749407288108633}
  - {fileID: 5537428927575229675}
  - {fileID: 3644269765846374207}
  m_Father: {fileID: 0}
  m_RootOrder: 0
  m_LocalEulerAnglesHint: {x: 0, y: 0, z: 0}
--- !u!114 &6678510127022060324
MonoBehaviour:
  m_ObjectHideFlags: 0
  m_CorrespondingSourceObject: {fileID: 0}
  m_PrefabInstance: {fileID: 0}
  m_PrefabAsset: {fileID: 0}
  m_GameObject: {fileID: 1301624615008601836}
  m_Enabled: 1
  m_EditorHideFlags: 0
  m_Script: {fileID: 11500000, guid: 5e39b5dbde787454a916b95bdcaad42f, type: 3}
  m_Name: 
  m_EditorClassIdentifier: 
  bounds:
    m_Center: {x: 1, y: 1.25, z: 0}
    m_Extent: {x: 1, y: 1.75, z: 0}
--- !u!1001 &438733297245482231
PrefabInstance:
  m_ObjectHideFlags: 0
  serializedVersion: 2
  m_Modification:
    m_TransformParent: {fileID: 1810661693476826660}
    m_Modifications:
    - target: {fileID: 1531869447189520822, guid: 97fd5e00c27064fe3a9891a8484d9074,
        type: 3}
      propertyPath: m_Name
      value: bg wall
      objectReference: {fileID: 0}
    - target: {fileID: 3784639491395550152, guid: 97fd5e00c27064fe3a9891a8484d9074,
        type: 3}
      propertyPath: m_RootOrder
      value: 8
      objectReference: {fileID: 0}
    - target: {fileID: 3784639491395550152, guid: 97fd5e00c27064fe3a9891a8484d9074,
        type: 3}
      propertyPath: m_LocalPosition.x
      value: 1
      objectReference: {fileID: 0}
    - target: {fileID: 3784639491395550152, guid: 97fd5e00c27064fe3a9891a8484d9074,
        type: 3}
      propertyPath: m_LocalPosition.y
      value: 1.5
      objectReference: {fileID: 0}
    - target: {fileID: 3784639491395550152, guid: 97fd5e00c27064fe3a9891a8484d9074,
        type: 3}
      propertyPath: m_LocalPosition.z
      value: 0
      objectReference: {fileID: 0}
    - target: {fileID: 3784639491395550152, guid: 97fd5e00c27064fe3a9891a8484d9074,
        type: 3}
      propertyPath: m_LocalRotation.w
      value: 1
      objectReference: {fileID: 0}
    - target: {fileID: 3784639491395550152, guid: 97fd5e00c27064fe3a9891a8484d9074,
        type: 3}
      propertyPath: m_LocalRotation.x
      value: -0
      objectReference: {fileID: 0}
    - target: {fileID: 3784639491395550152, guid: 97fd5e00c27064fe3a9891a8484d9074,
        type: 3}
      propertyPath: m_LocalRotation.y
      value: -0
      objectReference: {fileID: 0}
    - target: {fileID: 3784639491395550152, guid: 97fd5e00c27064fe3a9891a8484d9074,
        type: 3}
      propertyPath: m_LocalRotation.z
      value: -0
      objectReference: {fileID: 0}
    - target: {fileID: 3784639491395550152, guid: 97fd5e00c27064fe3a9891a8484d9074,
        type: 3}
      propertyPath: m_LocalEulerAnglesHint.x
      value: 0
      objectReference: {fileID: 0}
    - target: {fileID: 3784639491395550152, guid: 97fd5e00c27064fe3a9891a8484d9074,
        type: 3}
      propertyPath: m_LocalEulerAnglesHint.y
      value: 0
      objectReference: {fileID: 0}
    - target: {fileID: 3784639491395550152, guid: 97fd5e00c27064fe3a9891a8484d9074,
        type: 3}
      propertyPath: m_LocalEulerAnglesHint.z
      value: 0
      objectReference: {fileID: 0}
    - target: {fileID: 4654359712525082122, guid: 97fd5e00c27064fe3a9891a8484d9074,
        type: 3}
      propertyPath: m_Size.x
      value: 2
      objectReference: {fileID: 0}
    - target: {fileID: 4654359712525082122, guid: 97fd5e00c27064fe3a9891a8484d9074,
        type: 3}
      propertyPath: m_Size.y
      value: 3
      objectReference: {fileID: 0}
    m_RemovedComponents: []
  m_SourcePrefab: {fileID: 100100000, guid: 97fd5e00c27064fe3a9891a8484d9074, type: 3}
--- !u!4 &3644269765846374207 stripped
Transform:
  m_CorrespondingSourceObject: {fileID: 3784639491395550152, guid: 97fd5e00c27064fe3a9891a8484d9074,
    type: 3}
  m_PrefabInstance: {fileID: 438733297245482231}
  m_PrefabAsset: {fileID: 0}
--- !u!1001 &664588451491780801
PrefabInstance:
  m_ObjectHideFlags: 0
  serializedVersion: 2
  m_Modification:
    m_TransformParent: {fileID: 1810661693476826660}
    m_Modifications:
    - target: {fileID: 2164064031469139005, guid: 344ab7b18000648b789a73ef7cde1d75,
        type: 3}
      propertyPath: endCap
      value: 
      objectReference: {fileID: 6247626659375716513, guid: 88051d4b4916b42dbbd00a4980d5748f,
        type: 3}
    - target: {fileID: 2164064031469139005, guid: 344ab7b18000648b789a73ef7cde1d75,
        type: 3}
      propertyPath: linkSet
      value: 
      objectReference: {fileID: 11400000, guid: 5fdf134d3ae164fc4a222ac5a2cb3c9b,
        type: 2}
    - target: {fileID: 4811057561659176342, guid: 344ab7b18000648b789a73ef7cde1d75,
        type: 3}
      propertyPath: m_RootOrder
      value: 3
      objectReference: {fileID: 0}
    - target: {fileID: 4811057561659176342, guid: 344ab7b18000648b789a73ef7cde1d75,
        type: 3}
      propertyPath: m_LocalPosition.x
      value: 0
      objectReference: {fileID: 0}
    - target: {fileID: 4811057561659176342, guid: 344ab7b18000648b789a73ef7cde1d75,
        type: 3}
      propertyPath: m_LocalPosition.y
      value: 1.5
      objectReference: {fileID: 0}
    - target: {fileID: 4811057561659176342, guid: 344ab7b18000648b789a73ef7cde1d75,
        type: 3}
      propertyPath: m_LocalPosition.z
      value: 0
      objectReference: {fileID: 0}
    - target: {fileID: 4811057561659176342, guid: 344ab7b18000648b789a73ef7cde1d75,
        type: 3}
      propertyPath: m_LocalRotation.w
      value: 1
      objectReference: {fileID: 0}
    - target: {fileID: 4811057561659176342, guid: 344ab7b18000648b789a73ef7cde1d75,
        type: 3}
      propertyPath: m_LocalRotation.x
      value: -0
      objectReference: {fileID: 0}
    - target: {fileID: 4811057561659176342, guid: 344ab7b18000648b789a73ef7cde1d75,
        type: 3}
      propertyPath: m_LocalRotation.y
      value: -0
      objectReference: {fileID: 0}
    - target: {fileID: 4811057561659176342, guid: 344ab7b18000648b789a73ef7cde1d75,
        type: 3}
      propertyPath: m_LocalRotation.z
      value: -0
      objectReference: {fileID: 0}
    - target: {fileID: 4811057561659176342, guid: 344ab7b18000648b789a73ef7cde1d75,
        type: 3}
      propertyPath: m_LocalEulerAnglesHint.x
      value: 0
      objectReference: {fileID: 0}
    - target: {fileID: 4811057561659176342, guid: 344ab7b18000648b789a73ef7cde1d75,
        type: 3}
      propertyPath: m_LocalEulerAnglesHint.y
      value: 0
      objectReference: {fileID: 0}
    - target: {fileID: 4811057561659176342, guid: 344ab7b18000648b789a73ef7cde1d75,
        type: 3}
      propertyPath: m_LocalEulerAnglesHint.z
      value: 0
      objectReference: {fileID: 0}
    - target: {fileID: 6682003737043452810, guid: 344ab7b18000648b789a73ef7cde1d75,
        type: 3}
      propertyPath: m_Name
      value: LINK_PARKOUR
      objectReference: {fileID: 0}
    - target: {fileID: 6682003737043452810, guid: 344ab7b18000648b789a73ef7cde1d75,
        type: 3}
      propertyPath: m_TagString
      value: Finish
      objectReference: {fileID: 0}
    m_RemovedComponents: []
  m_SourcePrefab: {fileID: 100100000, guid: 344ab7b18000648b789a73ef7cde1d75, type: 3}
--- !u!4 &5475630511115758935 stripped
Transform:
  m_CorrespondingSourceObject: {fileID: 4811057561659176342, guid: 344ab7b18000648b789a73ef7cde1d75,
    type: 3}
  m_PrefabInstance: {fileID: 664588451491780801}
  m_PrefabAsset: {fileID: 0}
--- !u!1001 &890349578071121457
PrefabInstance:
  m_ObjectHideFlags: 0
  serializedVersion: 2
  m_Modification:
    m_TransformParent: {fileID: 1810661693476826660}
    m_Modifications:
    - target: {fileID: 2164064031469139005, guid: 344ab7b18000648b789a73ef7cde1d75,
        type: 3}
      propertyPath: endCap
      value: 
      objectReference: {fileID: 6247626659375716513, guid: 64ffce9724ab7467ab5bc208ae2615d1,
        type: 3}
    - target: {fileID: 2164064031469139005, guid: 344ab7b18000648b789a73ef7cde1d75,
        type: 3}
      propertyPath: linkSet
      value: 
      objectReference: {fileID: 11400000, guid: d0efbaf4c0dcc4a1c86028ccd0508255,
        type: 2}
    - target: {fileID: 4811057561659176342, guid: 344ab7b18000648b789a73ef7cde1d75,
        type: 3}
      propertyPath: m_RootOrder
      value: 4
      objectReference: {fileID: 0}
    - target: {fileID: 4811057561659176342, guid: 344ab7b18000648b789a73ef7cde1d75,
        type: 3}
      propertyPath: m_LocalPosition.x
      value: 2
      objectReference: {fileID: 0}
    - target: {fileID: 4811057561659176342, guid: 344ab7b18000648b789a73ef7cde1d75,
        type: 3}
      propertyPath: m_LocalPosition.y
      value: 1.5
      objectReference: {fileID: 0}
    - target: {fileID: 4811057561659176342, guid: 344ab7b18000648b789a73ef7cde1d75,
        type: 3}
      propertyPath: m_LocalPosition.z
      value: 0
      objectReference: {fileID: 0}
    - target: {fileID: 4811057561659176342, guid: 344ab7b18000648b789a73ef7cde1d75,
        type: 3}
      propertyPath: m_LocalRotation.w
      value: 1
      objectReference: {fileID: 0}
    - target: {fileID: 4811057561659176342, guid: 344ab7b18000648b789a73ef7cde1d75,
        type: 3}
      propertyPath: m_LocalRotation.x
      value: -0
      objectReference: {fileID: 0}
    - target: {fileID: 4811057561659176342, guid: 344ab7b18000648b789a73ef7cde1d75,
        type: 3}
      propertyPath: m_LocalRotation.y
      value: -0
      objectReference: {fileID: 0}
    - target: {fileID: 4811057561659176342, guid: 344ab7b18000648b789a73ef7cde1d75,
        type: 3}
      propertyPath: m_LocalRotation.z
      value: -0
      objectReference: {fileID: 0}
    - target: {fileID: 4811057561659176342, guid: 344ab7b18000648b789a73ef7cde1d75,
        type: 3}
      propertyPath: m_LocalEulerAnglesHint.x
      value: 0
      objectReference: {fileID: 0}
    - target: {fileID: 4811057561659176342, guid: 344ab7b18000648b789a73ef7cde1d75,
        type: 3}
      propertyPath: m_LocalEulerAnglesHint.y
      value: 0
      objectReference: {fileID: 0}
    - target: {fileID: 4811057561659176342, guid: 344ab7b18000648b789a73ef7cde1d75,
        type: 3}
      propertyPath: m_LocalEulerAnglesHint.z
      value: 0
      objectReference: {fileID: 0}
    - target: {fileID: 6682003737043452810, guid: 344ab7b18000648b789a73ef7cde1d75,
        type: 3}
      propertyPath: m_Name
      value: LINK_PARKOUR (1)
      objectReference: {fileID: 0}
    m_RemovedComponents: []
  m_SourcePrefab: {fileID: 100100000, guid: 344ab7b18000648b789a73ef7cde1d75, type: 3}
--- !u!4 &5665360543678983079 stripped
Transform:
  m_CorrespondingSourceObject: {fileID: 4811057561659176342, guid: 344ab7b18000648b789a73ef7cde1d75,
    type: 3}
  m_PrefabInstance: {fileID: 890349578071121457}
  m_PrefabAsset: {fileID: 0}
--- !u!1001 &2338698171762275045
PrefabInstance:
  m_ObjectHideFlags: 0
  serializedVersion: 2
  m_Modification:
    m_TransformParent: {fileID: 1810661693476826660}
    m_Modifications:
    - target: {fileID: 3615708565415036198, guid: 483e43b2442b542dcb70f0248fd82f33,
        type: 3}
      propertyPath: m_Name
      value: duct vertical 0.5
      objectReference: {fileID: 0}
    - target: {fileID: 3615708565415036200, guid: 483e43b2442b542dcb70f0248fd82f33,
        type: 3}
      propertyPath: m_RootOrder
      value: 5
      objectReference: {fileID: 0}
    - target: {fileID: 3615708565415036200, guid: 483e43b2442b542dcb70f0248fd82f33,
        type: 3}
      propertyPath: m_LocalPosition.x
      value: 1.25
      objectReference: {fileID: 0}
    - target: {fileID: 3615708565415036200, guid: 483e43b2442b542dcb70f0248fd82f33,
        type: 3}
      propertyPath: m_LocalPosition.y
      value: 1.25
      objectReference: {fileID: 0}
    - target: {fileID: 3615708565415036200, guid: 483e43b2442b542dcb70f0248fd82f33,
        type: 3}
      propertyPath: m_LocalPosition.z
      value: 0
      objectReference: {fileID: 0}
    - target: {fileID: 3615708565415036200, guid: 483e43b2442b542dcb70f0248fd82f33,
        type: 3}
      propertyPath: m_LocalRotation.w
      value: 1
      objectReference: {fileID: 0}
    - target: {fileID: 3615708565415036200, guid: 483e43b2442b542dcb70f0248fd82f33,
        type: 3}
      propertyPath: m_LocalRotation.x
      value: -0
      objectReference: {fileID: 0}
    - target: {fileID: 3615708565415036200, guid: 483e43b2442b542dcb70f0248fd82f33,
        type: 3}
      propertyPath: m_LocalRotation.y
      value: -0
      objectReference: {fileID: 0}
    - target: {fileID: 3615708565415036200, guid: 483e43b2442b542dcb70f0248fd82f33,
        type: 3}
      propertyPath: m_LocalRotation.z
      value: -0
      objectReference: {fileID: 0}
    - target: {fileID: 3615708565415036200, guid: 483e43b2442b542dcb70f0248fd82f33,
        type: 3}
      propertyPath: m_LocalEulerAnglesHint.x
      value: 0
      objectReference: {fileID: 0}
    - target: {fileID: 3615708565415036200, guid: 483e43b2442b542dcb70f0248fd82f33,
        type: 3}
      propertyPath: m_LocalEulerAnglesHint.y
      value: 0
      objectReference: {fileID: 0}
    - target: {fileID: 3615708565415036200, guid: 483e43b2442b542dcb70f0248fd82f33,
        type: 3}
      propertyPath: m_LocalEulerAnglesHint.z
      value: 0
      objectReference: {fileID: 0}
    m_RemovedComponents: []
  m_SourcePrefab: {fileID: 100100000, guid: 483e43b2442b542dcb70f0248fd82f33, type: 3}
--- !u!4 &1322134489372587981 stripped
Transform:
  m_CorrespondingSourceObject: {fileID: 3615708565415036200, guid: 483e43b2442b542dcb70f0248fd82f33,
    type: 3}
  m_PrefabInstance: {fileID: 2338698171762275045}
  m_PrefabAsset: {fileID: 0}
--- !u!1001 &2984657749790524455
PrefabInstance:
  m_ObjectHideFlags: 0
  serializedVersion: 2
  m_Modification:
    m_TransformParent: {fileID: 1810661693476826660}
    m_Modifications:
    - target: {fileID: 6071919030359655933, guid: 767635a8bb31649aba6df1c6c548742c,
        type: 3}
      propertyPath: m_Size.y
      value: 1
      objectReference: {fileID: 0}
    - target: {fileID: 6227867388287192557, guid: 767635a8bb31649aba6df1c6c548742c,
        type: 3}
      propertyPath: m_SpriteTilingProperty.newSize.y
      value: 1
      objectReference: {fileID: 0}
    - target: {fileID: 6247626659375716513, guid: 767635a8bb31649aba6df1c6c548742c,
        type: 3}
      propertyPath: m_Name
      value: wall vert 1x2
      objectReference: {fileID: 0}
    - target: {fileID: 6248792069017595377, guid: 767635a8bb31649aba6df1c6c548742c,
        type: 3}
      propertyPath: m_RootOrder
      value: 1
      objectReference: {fileID: 0}
    - target: {fileID: 6248792069017595377, guid: 767635a8bb31649aba6df1c6c548742c,
        type: 3}
      propertyPath: m_LocalPosition.x
      value: 0.5
      objectReference: {fileID: 0}
    - target: {fileID: 6248792069017595377, guid: 767635a8bb31649aba6df1c6c548742c,
        type: 3}
      propertyPath: m_LocalPosition.y
      value: 1
      objectReference: {fileID: 0}
    - target: {fileID: 6248792069017595377, guid: 767635a8bb31649aba6df1c6c548742c,
        type: 3}
      propertyPath: m_LocalPosition.z
      value: 0
      objectReference: {fileID: 0}
    - target: {fileID: 6248792069017595377, guid: 767635a8bb31649aba6df1c6c548742c,
        type: 3}
      propertyPath: m_LocalRotation.w
      value: 1
      objectReference: {fileID: 0}
    - target: {fileID: 6248792069017595377, guid: 767635a8bb31649aba6df1c6c548742c,
        type: 3}
      propertyPath: m_LocalRotation.x
      value: -0
      objectReference: {fileID: 0}
    - target: {fileID: 6248792069017595377, guid: 767635a8bb31649aba6df1c6c548742c,
        type: 3}
      propertyPath: m_LocalRotation.y
      value: -0
      objectReference: {fileID: 0}
    - target: {fileID: 6248792069017595377, guid: 767635a8bb31649aba6df1c6c548742c,
        type: 3}
      propertyPath: m_LocalRotation.z
      value: -0
      objectReference: {fileID: 0}
    - target: {fileID: 6248792069017595377, guid: 767635a8bb31649aba6df1c6c548742c,
        type: 3}
      propertyPath: m_LocalEulerAnglesHint.x
      value: 0
      objectReference: {fileID: 0}
    - target: {fileID: 6248792069017595377, guid: 767635a8bb31649aba6df1c6c548742c,
        type: 3}
      propertyPath: m_LocalEulerAnglesHint.y
      value: 0
      objectReference: {fileID: 0}
    - target: {fileID: 6248792069017595377, guid: 767635a8bb31649aba6df1c6c548742c,
        type: 3}
      propertyPath: m_LocalEulerAnglesHint.z
      value: 0
      objectReference: {fileID: 0}
    m_RemovedComponents: []
  m_SourcePrefab: {fileID: 100100000, guid: 767635a8bb31649aba6df1c6c548742c, type: 3}
--- !u!4 &9210856500098230742 stripped
Transform:
  m_CorrespondingSourceObject: {fileID: 6248792069017595377, guid: 767635a8bb31649aba6df1c6c548742c,
    type: 3}
  m_PrefabInstance: {fileID: 2984657749790524455}
  m_PrefabAsset: {fileID: 0}
--- !u!1001 &5537017958876381439
PrefabInstance:
  m_ObjectHideFlags: 0
  serializedVersion: 2
  m_Modification:
    m_TransformParent: {fileID: 1810661693476826660}
    m_Modifications:
    - target: {fileID: 1049093956366660, guid: 7d9845b79cf2e46abad4c892e14aaa67, type: 3}
      propertyPath: m_Name
      value: floor 2 (1)
      objectReference: {fileID: 0}
    - target: {fileID: 4387301254824980, guid: 7d9845b79cf2e46abad4c892e14aaa67, type: 3}
      propertyPath: m_RootOrder
      value: 7
      objectReference: {fileID: 0}
    - target: {fileID: 4387301254824980, guid: 7d9845b79cf2e46abad4c892e14aaa67, type: 3}
      propertyPath: m_LocalPosition.x
      value: 1
      objectReference: {fileID: 0}
    - target: {fileID: 4387301254824980, guid: 7d9845b79cf2e46abad4c892e14aaa67, type: 3}
      propertyPath: m_LocalPosition.y
      value: 2.75
      objectReference: {fileID: 0}
    - target: {fileID: 4387301254824980, guid: 7d9845b79cf2e46abad4c892e14aaa67, type: 3}
      propertyPath: m_LocalPosition.z
      value: 0
      objectReference: {fileID: 0}
    - target: {fileID: 4387301254824980, guid: 7d9845b79cf2e46abad4c892e14aaa67, type: 3}
      propertyPath: m_LocalRotation.w
      value: 1
      objectReference: {fileID: 0}
    - target: {fileID: 4387301254824980, guid: 7d9845b79cf2e46abad4c892e14aaa67, type: 3}
      propertyPath: m_LocalRotation.x
      value: -0
      objectReference: {fileID: 0}
    - target: {fileID: 4387301254824980, guid: 7d9845b79cf2e46abad4c892e14aaa67, type: 3}
      propertyPath: m_LocalRotation.y
      value: -0
      objectReference: {fileID: 0}
    - target: {fileID: 4387301254824980, guid: 7d9845b79cf2e46abad4c892e14aaa67, type: 3}
      propertyPath: m_LocalRotation.z
      value: -0
      objectReference: {fileID: 0}
    - target: {fileID: 4387301254824980, guid: 7d9845b79cf2e46abad4c892e14aaa67, type: 3}
      propertyPath: m_LocalEulerAnglesHint.x
      value: 0
      objectReference: {fileID: 0}
    - target: {fileID: 4387301254824980, guid: 7d9845b79cf2e46abad4c892e14aaa67, type: 3}
      propertyPath: m_LocalEulerAnglesHint.y
      value: 0
      objectReference: {fileID: 0}
    - target: {fileID: 4387301254824980, guid: 7d9845b79cf2e46abad4c892e14aaa67, type: 3}
      propertyPath: m_LocalEulerAnglesHint.z
      value: 0
      objectReference: {fileID: 0}
    m_RemovedComponents: []
  m_SourcePrefab: {fileID: 100100000, guid: 7d9845b79cf2e46abad4c892e14aaa67, type: 3}
--- !u!4 &5537428927575229675 stripped
Transform:
  m_CorrespondingSourceObject: {fileID: 4387301254824980, guid: 7d9845b79cf2e46abad4c892e14aaa67,
    type: 3}
  m_PrefabInstance: {fileID: 5537017958876381439}
  m_PrefabAsset: {fileID: 0}
--- !u!1001 &5619183047011151609
PrefabInstance:
  m_ObjectHideFlags: 0
  serializedVersion: 2
  m_Modification:
    m_TransformParent: {fileID: 1810661693476826660}
    m_Modifications:
    - target: {fileID: 6071919030359655933, guid: 23aa09e50915d47f4834d91b73283791,
        type: 3}
      propertyPath: m_Size.y
      value: 1.5
      objectReference: {fileID: 0}
    - target: {fileID: 6227867388287192557, guid: 23aa09e50915d47f4834d91b73283791,
        type: 3}
      propertyPath: m_SpriteTilingProperty.newSize.y
      value: 1.5
      objectReference: {fileID: 0}
    - target: {fileID: 6247626659375716513, guid: 23aa09e50915d47f4834d91b73283791,
        type: 3}
      propertyPath: m_Name
      value: wall vert 3
      objectReference: {fileID: 0}
    - target: {fileID: 6248792069017595377, guid: 23aa09e50915d47f4834d91b73283791,
        type: 3}
      propertyPath: m_RootOrder
      value: 2
      objectReference: {fileID: 0}
    - target: {fileID: 6248792069017595377, guid: 23aa09e50915d47f4834d91b73283791,
        type: 3}
      propertyPath: m_LocalPosition.x
      value: 1.75
      objectReference: {fileID: 0}
    - target: {fileID: 6248792069017595377, guid: 23aa09e50915d47f4834d91b73283791,
        type: 3}
      propertyPath: m_LocalPosition.y
      value: 0.75
      objectReference: {fileID: 0}
    - target: {fileID: 6248792069017595377, guid: 23aa09e50915d47f4834d91b73283791,
        type: 3}
      propertyPath: m_LocalPosition.z
      value: 0
      objectReference: {fileID: 0}
    - target: {fileID: 6248792069017595377, guid: 23aa09e50915d47f4834d91b73283791,
        type: 3}
      propertyPath: m_LocalRotation.w
      value: 1
      objectReference: {fileID: 0}
    - target: {fileID: 6248792069017595377, guid: 23aa09e50915d47f4834d91b73283791,
        type: 3}
      propertyPath: m_LocalRotation.x
      value: -0
      objectReference: {fileID: 0}
    - target: {fileID: 6248792069017595377, guid: 23aa09e50915d47f4834d91b73283791,
        type: 3}
      propertyPath: m_LocalRotation.y
      value: -0
      objectReference: {fileID: 0}
    - target: {fileID: 6248792069017595377, guid: 23aa09e50915d47f4834d91b73283791,
        type: 3}
      propertyPath: m_LocalRotation.z
      value: -0
      objectReference: {fileID: 0}
    - target: {fileID: 6248792069017595377, guid: 23aa09e50915d47f4834d91b73283791,
        type: 3}
      propertyPath: m_LocalEulerAnglesHint.x
      value: 0
      objectReference: {fileID: 0}
    - target: {fileID: 6248792069017595377, guid: 23aa09e50915d47f4834d91b73283791,
        type: 3}
      propertyPath: m_LocalEulerAnglesHint.y
      value: 0
      objectReference: {fileID: 0}
    - target: {fileID: 6248792069017595377, guid: 23aa09e50915d47f4834d91b73283791,
        type: 3}
      propertyPath: m_LocalEulerAnglesHint.z
      value: 0
      objectReference: {fileID: 0}
    m_RemovedComponents: []
  m_SourcePrefab: {fileID: 100100000, guid: 23aa09e50915d47f4834d91b73283791, type: 3}
--- !u!4 &1964539700071711496 stripped
Transform:
  m_CorrespondingSourceObject: {fileID: 6248792069017595377, guid: 23aa09e50915d47f4834d91b73283791,
    type: 3}
  m_PrefabInstance: {fileID: 5619183047011151609}
  m_PrefabAsset: {fileID: 0}
--- !u!1001 &8437111487043163165
PrefabInstance:
  m_ObjectHideFlags: 0
  serializedVersion: 2
  m_Modification:
    m_TransformParent: {fileID: 1810661693476826660}
    m_Modifications:
    - target: {fileID: 1165937812051915332, guid: 9a924d914b9fc4bb08de633895db7063,
        type: 3}
      propertyPath: m_RootOrder
      value: 6
      objectReference: {fileID: 0}
    - target: {fileID: 1165937812051915332, guid: 9a924d914b9fc4bb08de633895db7063,
        type: 3}
      propertyPath: m_LocalPosition.x
      value: 0.25
      objectReference: {fileID: 0}
    - target: {fileID: 1165937812051915332, guid: 9a924d914b9fc4bb08de633895db7063,
        type: 3}
      propertyPath: m_LocalPosition.y
      value: 0.25
      objectReference: {fileID: 0}
    - target: {fileID: 1165937812051915332, guid: 9a924d914b9fc4bb08de633895db7063,
        type: 3}
      propertyPath: m_LocalPosition.z
      value: 0
      objectReference: {fileID: 0}
    - target: {fileID: 1165937812051915332, guid: 9a924d914b9fc4bb08de633895db7063,
        type: 3}
      propertyPath: m_LocalRotation.w
      value: 1
      objectReference: {fileID: 0}
    - target: {fileID: 1165937812051915332, guid: 9a924d914b9fc4bb08de633895db7063,
        type: 3}
      propertyPath: m_LocalRotation.x
      value: -0
      objectReference: {fileID: 0}
    - target: {fileID: 1165937812051915332, guid: 9a924d914b9fc4bb08de633895db7063,
        type: 3}
      propertyPath: m_LocalRotation.y
      value: -0
      objectReference: {fileID: 0}
    - target: {fileID: 1165937812051915332, guid: 9a924d914b9fc4bb08de633895db7063,
        type: 3}
      propertyPath: m_LocalRotation.z
      value: -0
      objectReference: {fileID: 0}
    - target: {fileID: 1165937812051915332, guid: 9a924d914b9fc4bb08de633895db7063,
        type: 3}
      propertyPath: m_LocalEulerAnglesHint.x
      value: 0
      objectReference: {fileID: 0}
    - target: {fileID: 1165937812051915332, guid: 9a924d914b9fc4bb08de633895db7063,
        type: 3}
      propertyPath: m_LocalEulerAnglesHint.y
      value: 0
      objectReference: {fileID: 0}
    - target: {fileID: 1165937812051915332, guid: 9a924d914b9fc4bb08de633895db7063,
        type: 3}
      propertyPath: m_LocalEulerAnglesHint.z
      value: 0
      objectReference: {fileID: 0}
    - target: {fileID: 1165937812051915338, guid: 9a924d914b9fc4bb08de633895db7063,
        type: 3}
      propertyPath: m_Name
      value: duct hor 0.5
      objectReference: {fileID: 0}
    m_RemovedComponents: []
  m_SourcePrefab: {fileID: 100100000, guid: 9a924d914b9fc4bb08de633895db7063, type: 3}
--- !u!4 &7293749407288108633 stripped
Transform:
  m_CorrespondingSourceObject: {fileID: 1165937812051915332, guid: 9a924d914b9fc4bb08de633895db7063,
    type: 3}
  m_PrefabInstance: {fileID: 8437111487043163165}
  m_PrefabAsset: {fileID: 0}
--- !u!1001 &8470553364195444340
PrefabInstance:
  m_ObjectHideFlags: 0
  serializedVersion: 2
  m_Modification:
    m_TransformParent: {fileID: 1810661693476826660}
    m_Modifications:
    - target: {fileID: 1049093956366660, guid: 7d9845b79cf2e46abad4c892e14aaa67, type: 3}
      propertyPath: m_Name
      value: floor 2
      objectReference: {fileID: 0}
    - target: {fileID: 4387301254824980, guid: 7d9845b79cf2e46abad4c892e14aaa67, type: 3}
      propertyPath: m_RootOrder
      value: 0
      objectReference: {fileID: 0}
    - target: {fileID: 4387301254824980, guid: 7d9845b79cf2e46abad4c892e14aaa67, type: 3}
      propertyPath: m_LocalPosition.x
      value: 1
      objectReference: {fileID: 0}
    - target: {fileID: 4387301254824980, guid: 7d9845b79cf2e46abad4c892e14aaa67, type: 3}
      propertyPath: m_LocalPosition.y
      value: -0.25
      objectReference: {fileID: 0}
    - target: {fileID: 4387301254824980, guid: 7d9845b79cf2e46abad4c892e14aaa67, type: 3}
      propertyPath: m_LocalPosition.z
      value: 0
      objectReference: {fileID: 0}
    - target: {fileID: 4387301254824980, guid: 7d9845b79cf2e46abad4c892e14aaa67, type: 3}
      propertyPath: m_LocalRotation.w
      value: 1
      objectReference: {fileID: 0}
    - target: {fileID: 4387301254824980, guid: 7d9845b79cf2e46abad4c892e14aaa67, type: 3}
      propertyPath: m_LocalRotation.x
      value: -0
      objectReference: {fileID: 0}
    - target: {fileID: 4387301254824980, guid: 7d9845b79cf2e46abad4c892e14aaa67, type: 3}
      propertyPath: m_LocalRotation.y
      value: -0
      objectReference: {fileID: 0}
    - target: {fileID: 4387301254824980, guid: 7d9845b79cf2e46abad4c892e14aaa67, type: 3}
      propertyPath: m_LocalRotation.z
      value: -0
      objectReference: {fileID: 0}
    - target: {fileID: 4387301254824980, guid: 7d9845b79cf2e46abad4c892e14aaa67, type: 3}
      propertyPath: m_LocalEulerAnglesHint.x
      value: 0
      objectReference: {fileID: 0}
    - target: {fileID: 4387301254824980, guid: 7d9845b79cf2e46abad4c892e14aaa67, type: 3}
      propertyPath: m_LocalEulerAnglesHint.y
      value: 0
      objectReference: {fileID: 0}
    - target: {fileID: 4387301254824980, guid: 7d9845b79cf2e46abad4c892e14aaa67, type: 3}
      propertyPath: m_LocalEulerAnglesHint.z
      value: 0
      objectReference: {fileID: 0}
    m_RemovedComponents: []
  m_SourcePrefab: {fileID: 100100000, guid: 7d9845b79cf2e46abad4c892e14aaa67, type: 3}
--- !u!4 &8467582440478409312 stripped
Transform:
  m_CorrespondingSourceObject: {fileID: 4387301254824980, guid: 7d9845b79cf2e46abad4c892e14aaa67,
    type: 3}
  m_PrefabInstance: {fileID: 8470553364195444340}
  m_PrefabAsset: {fileID: 0}
