%YAML 1.1
%TAG !u! tag:unity3d.com,2011:
--- !u!1 &1301624615008601836
GameObject:
  m_ObjectHideFlags: 0
  m_CorrespondingSourceObject: {fileID: 0}
  m_PrefabInstance: {fileID: 0}
  m_PrefabAsset: {fileID: 0}
  serializedVersion: 6
  m_Component:
  - component: {fileID: 1810661693476826660}
  - component: {fileID: 6678510127022060324}
  m_Layer: 0
  m_Name: p_R_4
  m_TagString: Untagged
  m_Icon: {fileID: 0}
  m_NavMeshLayer: 0
  m_StaticEditorFlags: 4294967295
  m_IsActive: 1
--- !u!4 &1810661693476826660
Transform:
  m_ObjectHideFlags: 0
  m_CorrespondingSourceObject: {fileID: 0}
  m_PrefabInstance: {fileID: 0}
  m_PrefabAsset: {fileID: 0}
  m_GameObject: {fileID: 1301624615008601836}
  m_LocalRotation: {x: 0, y: 0, z: 0, w: 1}
  m_LocalPosition: {x: 0, y: 0, z: 0}
  m_LocalScale: {x: 1, y: 1, z: 1}
  m_Children:
  - {fileID: 5385674480698841771}
  - {fileID: 5675778747742091059}
  - {fileID: 8453014816645293295}
  - {fileID: 5045512858178491087}
  - {fileID: 4190546730690753702}
  - {fileID: 8462780655297562813}
  m_Father: {fileID: 0}
  m_RootOrder: 0
  m_LocalEulerAnglesHint: {x: 0, y: 0, z: 0}
--- !u!114 &6678510127022060324
MonoBehaviour:
  m_ObjectHideFlags: 0
  m_CorrespondingSourceObject: {fileID: 0}
  m_PrefabInstance: {fileID: 0}
  m_PrefabAsset: {fileID: 0}
  m_GameObject: {fileID: 1301624615008601836}
  m_Enabled: 1
  m_EditorHideFlags: 0
  m_Script: {fileID: 11500000, guid: 5e39b5dbde787454a916b95bdcaad42f, type: 3}
  m_Name: 
  m_EditorClassIdentifier: 
  bounds:
    m_Center: {x: 1, y: 0.75, z: 0}
    m_Extent: {x: 1, y: 1.25, z: 0}
--- !u!1001 &342568699984865113
PrefabInstance:
  m_ObjectHideFlags: 0
  serializedVersion: 2
  m_Modification:
    m_TransformParent: {fileID: 1810661693476826660}
    m_Modifications:
    - target: {fileID: 2164064031469139005, guid: 344ab7b18000648b789a73ef7cde1d75,
        type: 3}
      propertyPath: endCap
      value: 
      objectReference: {fileID: 6247626659375716513, guid: 96c05a4480ab04230b83a526f8a53eec,
        type: 3}
    - target: {fileID: 2164064031469139005, guid: 344ab7b18000648b789a73ef7cde1d75,
        type: 3}
      propertyPath: linkSet
      value: 
      objectReference: {fileID: 11400000, guid: eea984428adbd48b0a136a7c0f1bc1a7,
        type: 2}
    - target: {fileID: 4811057561659176342, guid: 344ab7b18000648b789a73ef7cde1d75,
        type: 3}
      propertyPath: m_RootOrder
      value: 3
      objectReference: {fileID: 0}
    - target: {fileID: 4811057561659176342, guid: 344ab7b18000648b789a73ef7cde1d75,
        type: 3}
      propertyPath: m_LocalPosition.x
      value: 1.5
      objectReference: {fileID: 0}
    - target: {fileID: 4811057561659176342, guid: 344ab7b18000648b789a73ef7cde1d75,
        type: 3}
      propertyPath: m_LocalPosition.y
      value: 2
      objectReference: {fileID: 0}
    - target: {fileID: 4811057561659176342, guid: 344ab7b18000648b789a73ef7cde1d75,
        type: 3}
      propertyPath: m_LocalPosition.z
      value: 0
      objectReference: {fileID: 0}
    - target: {fileID: 4811057561659176342, guid: 344ab7b18000648b789a73ef7cde1d75,
        type: 3}
      propertyPath: m_LocalRotation.w
      value: 1
      objectReference: {fileID: 0}
    - target: {fileID: 4811057561659176342, guid: 344ab7b18000648b789a73ef7cde1d75,
        type: 3}
      propertyPath: m_LocalRotation.x
      value: -0
      objectReference: {fileID: 0}
    - target: {fileID: 4811057561659176342, guid: 344ab7b18000648b789a73ef7cde1d75,
        type: 3}
      propertyPath: m_LocalRotation.y
      value: -0
      objectReference: {fileID: 0}
    - target: {fileID: 4811057561659176342, guid: 344ab7b18000648b789a73ef7cde1d75,
        type: 3}
      propertyPath: m_LocalRotation.z
      value: -0
      objectReference: {fileID: 0}
    - target: {fileID: 4811057561659176342, guid: 344ab7b18000648b789a73ef7cde1d75,
        type: 3}
      propertyPath: m_LocalEulerAnglesHint.x
      value: 0
      objectReference: {fileID: 0}
    - target: {fileID: 4811057561659176342, guid: 344ab7b18000648b789a73ef7cde1d75,
        type: 3}
      propertyPath: m_LocalEulerAnglesHint.y
      value: 0
      objectReference: {fileID: 0}
    - target: {fileID: 4811057561659176342, guid: 344ab7b18000648b789a73ef7cde1d75,
        type: 3}
      propertyPath: m_LocalEulerAnglesHint.z
      value: 0
      objectReference: {fileID: 0}
    - target: {fileID: 6682003737043452810, guid: 344ab7b18000648b789a73ef7cde1d75,
        type: 3}
      propertyPath: m_Name
      value: LINK_PARKOUR
      objectReference: {fileID: 0}
    m_RemovedComponents: []
  m_SourcePrefab: {fileID: 100100000, guid: 344ab7b18000648b789a73ef7cde1d75, type: 3}
--- !u!4 &5045512858178491087 stripped
Transform:
  m_CorrespondingSourceObject: {fileID: 4811057561659176342, guid: 344ab7b18000648b789a73ef7cde1d75,
    type: 3}
  m_PrefabInstance: {fileID: 342568699984865113}
  m_PrefabAsset: {fileID: 0}
--- !u!1001 &1054525780999327598
PrefabInstance:
  m_ObjectHideFlags: 0
  serializedVersion: 2
  m_Modification:
    m_TransformParent: {fileID: 1810661693476826660}
    m_Modifications:
    - target: {fileID: 1531869447189520822, guid: 97fd5e00c27064fe3a9891a8484d9074,
        type: 3}
      propertyPath: m_Name
      value: bg wall
      objectReference: {fileID: 0}
    - target: {fileID: 3784639491395550152, guid: 97fd5e00c27064fe3a9891a8484d9074,
        type: 3}
      propertyPath: m_RootOrder
      value: 4
      objectReference: {fileID: 0}
    - target: {fileID: 3784639491395550152, guid: 97fd5e00c27064fe3a9891a8484d9074,
        type: 3}
      propertyPath: m_LocalPosition.x
      value: 1
      objectReference: {fileID: 0}
    - target: {fileID: 3784639491395550152, guid: 97fd5e00c27064fe3a9891a8484d9074,
        type: 3}
      propertyPath: m_LocalPosition.y
      value: 1
      objectReference: {fileID: 0}
    - target: {fileID: 3784639491395550152, guid: 97fd5e00c27064fe3a9891a8484d9074,
        type: 3}
      propertyPath: m_LocalPosition.z
      value: 0
      objectReference: {fileID: 0}
    - target: {fileID: 3784639491395550152, guid: 97fd5e00c27064fe3a9891a8484d9074,
        type: 3}
      propertyPath: m_LocalRotation.w
      value: 1
      objectReference: {fileID: 0}
    - target: {fileID: 3784639491395550152, guid: 97fd5e00c27064fe3a9891a8484d9074,
        type: 3}
      propertyPath: m_LocalRotation.x
      value: -0
      objectReference: {fileID: 0}
    - target: {fileID: 3784639491395550152, guid: 97fd5e00c27064fe3a9891a8484d9074,
        type: 3}
      propertyPath: m_LocalRotation.y
      value: -0
      objectReference: {fileID: 0}
    - target: {fileID: 3784639491395550152, guid: 97fd5e00c27064fe3a9891a8484d9074,
        type: 3}
      propertyPath: m_LocalRotation.z
      value: -0
      objectReference: {fileID: 0}
    - target: {fileID: 3784639491395550152, guid: 97fd5e00c27064fe3a9891a8484d9074,
        type: 3}
      propertyPath: m_LocalEulerAnglesHint.x
      value: 0
      objectReference: {fileID: 0}
    - target: {fileID: 3784639491395550152, guid: 97fd5e00c27064fe3a9891a8484d9074,
        type: 3}
      propertyPath: m_LocalEulerAnglesHint.y
      value: 0
      objectReference: {fileID: 0}
    - target: {fileID: 3784639491395550152, guid: 97fd5e00c27064fe3a9891a8484d9074,
        type: 3}
      propertyPath: m_LocalEulerAnglesHint.z
      value: 0
      objectReference: {fileID: 0}
    - target: {fileID: 4654359712525082122, guid: 97fd5e00c27064fe3a9891a8484d9074,
        type: 3}
      propertyPath: m_Size.x
      value: 2
      objectReference: {fileID: 0}
    - target: {fileID: 4654359712525082122, guid: 97fd5e00c27064fe3a9891a8484d9074,
        type: 3}
      propertyPath: m_Size.y
      value: 2
      objectReference: {fileID: 0}
    m_RemovedComponents: []
  m_SourcePrefab: {fileID: 100100000, guid: 97fd5e00c27064fe3a9891a8484d9074, type: 3}
--- !u!4 &4190546730690753702 stripped
Transform:
  m_CorrespondingSourceObject: {fileID: 3784639491395550152, guid: 97fd5e00c27064fe3a9891a8484d9074,
    type: 3}
  m_PrefabInstance: {fileID: 1054525780999327598}
  m_PrefabAsset: {fileID: 0}
--- !u!1001 &1764357672128387778
PrefabInstance:
  m_ObjectHideFlags: 0
  serializedVersion: 2
  m_Modification:
    m_TransformParent: {fileID: 1810661693476826660}
    m_Modifications:
    - target: {fileID: 6071919030359655933, guid: b62624933445546819d21232b32aafda,
        type: 3}
      propertyPath: m_Size.y
      value: 2
      objectReference: {fileID: 0}
    - target: {fileID: 6227867388287192557, guid: b62624933445546819d21232b32aafda,
        type: 3}
      propertyPath: m_SpriteTilingProperty.newSize.y
      value: 2
      objectReference: {fileID: 0}
    - target: {fileID: 6247626659375716513, guid: b62624933445546819d21232b32aafda,
        type: 3}
      propertyPath: m_Name
      value: wall vert 1
      objectReference: {fileID: 0}
    - target: {fileID: 6248792069017595377, guid: b62624933445546819d21232b32aafda,
        type: 3}
      propertyPath: m_RootOrder
      value: 1
      objectReference: {fileID: 0}
    - target: {fileID: 6248792069017595377, guid: b62624933445546819d21232b32aafda,
        type: 3}
      propertyPath: m_LocalPosition.x
      value: 1.75
      objectReference: {fileID: 0}
    - target: {fileID: 6248792069017595377, guid: b62624933445546819d21232b32aafda,
        type: 3}
      propertyPath: m_LocalPosition.y
      value: 1
      objectReference: {fileID: 0}
    - target: {fileID: 6248792069017595377, guid: b62624933445546819d21232b32aafda,
        type: 3}
      propertyPath: m_LocalPosition.z
      value: 0
      objectReference: {fileID: 0}
    - target: {fileID: 6248792069017595377, guid: b62624933445546819d21232b32aafda,
        type: 3}
      propertyPath: m_LocalRotation.w
      value: 1
      objectReference: {fileID: 0}
    - target: {fileID: 6248792069017595377, guid: b62624933445546819d21232b32aafda,
        type: 3}
      propertyPath: m_LocalRotation.x
      value: -0
      objectReference: {fileID: 0}
    - target: {fileID: 6248792069017595377, guid: b62624933445546819d21232b32aafda,
        type: 3}
      propertyPath: m_LocalRotation.y
      value: -0
      objectReference: {fileID: 0}
    - target: {fileID: 6248792069017595377, guid: b62624933445546819d21232b32aafda,
        type: 3}
      propertyPath: m_LocalRotation.z
      value: -0
      objectReference: {fileID: 0}
    - target: {fileID: 6248792069017595377, guid: b62624933445546819d21232b32aafda,
        type: 3}
      propertyPath: m_LocalEulerAnglesHint.x
      value: 0
      objectReference: {fileID: 0}
    - target: {fileID: 6248792069017595377, guid: b62624933445546819d21232b32aafda,
        type: 3}
      propertyPath: m_LocalEulerAnglesHint.y
      value: 0
      objectReference: {fileID: 0}
    - target: {fileID: 6248792069017595377, guid: b62624933445546819d21232b32aafda,
        type: 3}
      propertyPath: m_LocalEulerAnglesHint.z
      value: 0
      objectReference: {fileID: 0}
    m_RemovedComponents: []
  m_SourcePrefab: {fileID: 100100000, guid: b62624933445546819d21232b32aafda, type: 3}
--- !u!4 &5675778747742091059 stripped
Transform:
  m_CorrespondingSourceObject: {fileID: 6248792069017595377, guid: b62624933445546819d21232b32aafda,
    type: 3}
  m_PrefabInstance: {fileID: 1764357672128387778}
  m_PrefabAsset: {fileID: 0}
--- !u!1001 &4014283382197976363
PrefabInstance:
  m_ObjectHideFlags: 0
  serializedVersion: 2
  m_Modification:
    m_TransformParent: {fileID: 1810661693476826660}
    m_Modifications:
    - target: {fileID: 2164064031469139005, guid: 344ab7b18000648b789a73ef7cde1d75,
        type: 3}
      propertyPath: endCap
      value: 
      objectReference: {fileID: 6247626659375716513, guid: b055233a55ed343a19330d478caddbd4,
        type: 3}
    - target: {fileID: 2164064031469139005, guid: 344ab7b18000648b789a73ef7cde1d75,
        type: 3}
      propertyPath: linkSet
      value: 
      objectReference: {fileID: 11400000, guid: 5fdf134d3ae164fc4a222ac5a2cb3c9b,
        type: 2}
    - target: {fileID: 4811057561659176342, guid: 344ab7b18000648b789a73ef7cde1d75,
        type: 3}
      propertyPath: m_RootOrder
      value: 5
      objectReference: {fileID: 0}
    - target: {fileID: 4811057561659176342, guid: 344ab7b18000648b789a73ef7cde1d75,
        type: 3}
      propertyPath: m_LocalPosition.x
      value: 0
      objectReference: {fileID: 0}
    - target: {fileID: 4811057561659176342, guid: 344ab7b18000648b789a73ef7cde1d75,
        type: 3}
      propertyPath: m_LocalPosition.y
      value: 1.5
      objectReference: {fileID: 0}
    - target: {fileID: 4811057561659176342, guid: 344ab7b18000648b789a73ef7cde1d75,
        type: 3}
      propertyPath: m_LocalPosition.z
      value: 0
      objectReference: {fileID: 0}
    - target: {fileID: 4811057561659176342, guid: 344ab7b18000648b789a73ef7cde1d75,
        type: 3}
      propertyPath: m_LocalRotation.w
      value: 1
      objectReference: {fileID: 0}
    - target: {fileID: 4811057561659176342, guid: 344ab7b18000648b789a73ef7cde1d75,
        type: 3}
      propertyPath: m_LocalRotation.x
      value: -0
      objectReference: {fileID: 0}
    - target: {fileID: 4811057561659176342, guid: 344ab7b18000648b789a73ef7cde1d75,
        type: 3}
      propertyPath: m_LocalRotation.y
      value: -0
      objectReference: {fileID: 0}
    - target: {fileID: 4811057561659176342, guid: 344ab7b18000648b789a73ef7cde1d75,
        type: 3}
      propertyPath: m_LocalRotation.z
      value: -0
      objectReference: {fileID: 0}
    - target: {fileID: 4811057561659176342, guid: 344ab7b18000648b789a73ef7cde1d75,
        type: 3}
      propertyPath: m_LocalEulerAnglesHint.x
      value: 0
      objectReference: {fileID: 0}
    - target: {fileID: 4811057561659176342, guid: 344ab7b18000648b789a73ef7cde1d75,
        type: 3}
      propertyPath: m_LocalEulerAnglesHint.y
      value: 0
      objectReference: {fileID: 0}
    - target: {fileID: 4811057561659176342, guid: 344ab7b18000648b789a73ef7cde1d75,
        type: 3}
      propertyPath: m_LocalEulerAnglesHint.z
      value: 0
      objectReference: {fileID: 0}
    - target: {fileID: 6682003737043452810, guid: 344ab7b18000648b789a73ef7cde1d75,
        type: 3}
      propertyPath: m_Name
      value: LINK_PARKOUR (1)
      objectReference: {fileID: 0}
    m_RemovedComponents: []
  m_SourcePrefab: {fileID: 100100000, guid: 344ab7b18000648b789a73ef7cde1d75, type: 3}
--- !u!4 &8462780655297562813 stripped
Transform:
  m_CorrespondingSourceObject: {fileID: 4811057561659176342, guid: 344ab7b18000648b789a73ef7cde1d75,
    type: 3}
  m_PrefabInstance: {fileID: 4014283382197976363}
  m_PrefabAsset: {fileID: 0}
--- !u!1001 &5382457267182493375
PrefabInstance:
  m_ObjectHideFlags: 0
  serializedVersion: 2
  m_Modification:
    m_TransformParent: {fileID: 1810661693476826660}
    m_Modifications:
    - target: {fileID: 1049093956366660, guid: 8670cf86c24234bf391820e408de6d24, type: 3}
      propertyPath: m_Name
      value: floor 3
      objectReference: {fileID: 0}
    - target: {fileID: 4387301254824980, guid: 8670cf86c24234bf391820e408de6d24, type: 3}
      propertyPath: m_RootOrder
      value: 0
      objectReference: {fileID: 0}
    - target: {fileID: 4387301254824980, guid: 8670cf86c24234bf391820e408de6d24, type: 3}
      propertyPath: m_LocalPosition.x
      value: 1
      objectReference: {fileID: 0}
    - target: {fileID: 4387301254824980, guid: 8670cf86c24234bf391820e408de6d24, type: 3}
      propertyPath: m_LocalPosition.y
      value: -0.25
      objectReference: {fileID: 0}
    - target: {fileID: 4387301254824980, guid: 8670cf86c24234bf391820e408de6d24, type: 3}
      propertyPath: m_LocalPosition.z
      value: 0
      objectReference: {fileID: 0}
    - target: {fileID: 4387301254824980, guid: 8670cf86c24234bf391820e408de6d24, type: 3}
      propertyPath: m_LocalRotation.w
      value: 1
      objectReference: {fileID: 0}
    - target: {fileID: 4387301254824980, guid: 8670cf86c24234bf391820e408de6d24, type: 3}
      propertyPath: m_LocalRotation.x
      value: 0
      objectReference: {fileID: 0}
    - target: {fileID: 4387301254824980, guid: 8670cf86c24234bf391820e408de6d24, type: 3}
      propertyPath: m_LocalRotation.y
      value: 0
      objectReference: {fileID: 0}
    - target: {fileID: 4387301254824980, guid: 8670cf86c24234bf391820e408de6d24, type: 3}
      propertyPath: m_LocalRotation.z
      value: 0
      objectReference: {fileID: 0}
    - target: {fileID: 4387301254824980, guid: 8670cf86c24234bf391820e408de6d24, type: 3}
      propertyPath: m_LocalEulerAnglesHint.x
      value: 0
      objectReference: {fileID: 0}
    - target: {fileID: 4387301254824980, guid: 8670cf86c24234bf391820e408de6d24, type: 3}
      propertyPath: m_LocalEulerAnglesHint.y
      value: 0
      objectReference: {fileID: 0}
    - target: {fileID: 4387301254824980, guid: 8670cf86c24234bf391820e408de6d24, type: 3}
      propertyPath: m_LocalEulerAnglesHint.z
      value: 0
      objectReference: {fileID: 0}
    - target: {fileID: 61477104421331976, guid: 8670cf86c24234bf391820e408de6d24,
        type: 3}
      propertyPath: m_SpriteTilingProperty.newSize.x
      value: 2
      objectReference: {fileID: 0}
    - target: {fileID: 212926256537594904, guid: 8670cf86c24234bf391820e408de6d24,
        type: 3}
      propertyPath: m_Size.x
      value: 2
      objectReference: {fileID: 0}
    - target: {fileID: 212926256537594904, guid: 8670cf86c24234bf391820e408de6d24,
        type: 3}
      propertyPath: m_SortingOrder
      value: 0
      objectReference: {fileID: 0}
    m_RemovedComponents: []
  m_SourcePrefab: {fileID: 100100000, guid: 8670cf86c24234bf391820e408de6d24, type: 3}
--- !u!4 &5385674480698841771 stripped
Transform:
  m_CorrespondingSourceObject: {fileID: 4387301254824980, guid: 8670cf86c24234bf391820e408de6d24,
    type: 3}
  m_PrefabInstance: {fileID: 5382457267182493375}
  m_PrefabAsset: {fileID: 0}
--- !u!1001 &8448948660180394235
PrefabInstance:
  m_ObjectHideFlags: 0
  serializedVersion: 2
  m_Modification:
    m_TransformParent: {fileID: 1810661693476826660}
    m_Modifications:
    - target: {fileID: 1049093956366660, guid: 8670cf86c24234bf391820e408de6d24, type: 3}
      propertyPath: m_Name
      value: floor 3 (1)
      objectReference: {fileID: 0}
    - target: {fileID: 4387301254824980, guid: 8670cf86c24234bf391820e408de6d24, type: 3}
      propertyPath: m_RootOrder
      value: 2
      objectReference: {fileID: 0}
    - target: {fileID: 4387301254824980, guid: 8670cf86c24234bf391820e408de6d24, type: 3}
      propertyPath: m_LocalPosition.x
      value: 0.5
      objectReference: {fileID: 0}
    - target: {fileID: 4387301254824980, guid: 8670cf86c24234bf391820e408de6d24, type: 3}
      propertyPath: m_LocalPosition.y
      value: 1
      objectReference: {fileID: 0}
    - target: {fileID: 4387301254824980, guid: 8670cf86c24234bf391820e408de6d24, type: 3}
      propertyPath: m_LocalPosition.z
      value: 0
      objectReference: {fileID: 0}
    - target: {fileID: 4387301254824980, guid: 8670cf86c24234bf391820e408de6d24, type: 3}
      propertyPath: m_LocalRotation.w
      value: 1
      objectReference: {fileID: 0}
    - target: {fileID: 4387301254824980, guid: 8670cf86c24234bf391820e408de6d24, type: 3}
      propertyPath: m_LocalRotation.x
      value: 0
      objectReference: {fileID: 0}
    - target: {fileID: 4387301254824980, guid: 8670cf86c24234bf391820e408de6d24, type: 3}
      propertyPath: m_LocalRotation.y
      value: 0
      objectReference: {fileID: 0}
    - target: {fileID: 4387301254824980, guid: 8670cf86c24234bf391820e408de6d24, type: 3}
      propertyPath: m_LocalRotation.z
      value: 0
      objectReference: {fileID: 0}
    - target: {fileID: 4387301254824980, guid: 8670cf86c24234bf391820e408de6d24, type: 3}
      propertyPath: m_LocalEulerAnglesHint.x
      value: 0
      objectReference: {fileID: 0}
    - target: {fileID: 4387301254824980, guid: 8670cf86c24234bf391820e408de6d24, type: 3}
      propertyPath: m_LocalEulerAnglesHint.y
      value: 0
      objectReference: {fileID: 0}
    - target: {fileID: 4387301254824980, guid: 8670cf86c24234bf391820e408de6d24, type: 3}
      propertyPath: m_LocalEulerAnglesHint.z
      value: 0
      objectReference: {fileID: 0}
    - target: {fileID: 61477104421331976, guid: 8670cf86c24234bf391820e408de6d24,
        type: 3}
      propertyPath: m_SpriteTilingProperty.newSize.x
      value: 1
      objectReference: {fileID: 0}
    - target: {fileID: 61477104421331976, guid: 8670cf86c24234bf391820e408de6d24,
        type: 3}
      propertyPath: m_SpriteTilingProperty.newSize.y
      value: 1
      objectReference: {fileID: 0}
    - target: {fileID: 212926256537594904, guid: 8670cf86c24234bf391820e408de6d24,
        type: 3}
      propertyPath: m_Size.x
      value: 1
      objectReference: {fileID: 0}
    - target: {fileID: 212926256537594904, guid: 8670cf86c24234bf391820e408de6d24,
        type: 3}
      propertyPath: m_Size.y
      value: 1
      objectReference: {fileID: 0}
    - target: {fileID: 212926256537594904, guid: 8670cf86c24234bf391820e408de6d24,
        type: 3}
      propertyPath: m_SortingOrder
      value: 0
      objectReference: {fileID: 0}
    m_RemovedComponents: []
  m_SourcePrefab: {fileID: 100100000, guid: 8670cf86c24234bf391820e408de6d24, type: 3}
--- !u!4 &8453014816645293295 stripped
Transform:
  m_CorrespondingSourceObject: {fileID: 4387301254824980, guid: 8670cf86c24234bf391820e408de6d24,
    type: 3}
  m_PrefabInstance: {fileID: 8448948660180394235}
  m_PrefabAsset: {fileID: 0}
