%YAML 1.1
%TAG !u! tag:unity3d.com,2011:
--- !u!1001 &1027136031559885370
PrefabInstance:
  m_ObjectHideFlags: 0
  serializedVersion: 2
  m_Modification:
    m_TransformParent: {fileID: 4689243300568366632}
    m_Modifications:
    - target: {fileID: 136082698227566851, guid: 4f3cb50685d304d92a1a7dbfe1219473,
        type: 3}
      propertyPath: m_Sprite
      value: 
      objectReference: {fileID: 487608782122503253, guid: 80ed475ef54fa4ee5a3c397bc5691d9f,
        type: 3}
    - target: {fileID: 857544556734785415, guid: 4f3cb50685d304d92a1a7dbfe1219473,
        type: 3}
      propertyPath: m_Name
      value: glyph
      objectReference: {fileID: 0}
    - target: {fileID: 3924249429087017986, guid: 4f3cb50685d304d92a1a7dbfe1219473,
        type: 3}
      propertyPath: m_RootOrder
      value: 5
      objectReference: {fileID: 0}
    - target: {fileID: 3924249429087017986, guid: 4f3cb50685d304d92a1a7dbfe1219473,
        type: 3}
      propertyPath: m_LocalPosition.x
      value: -0.375
      objectReference: {fileID: 0}
    - target: {fileID: 3924249429087017986, guid: 4f3cb50685d304d92a1a7dbfe1219473,
        type: 3}
      propertyPath: m_LocalPosition.y
      value: -0
      objectReference: {fileID: 0}
    - target: {fileID: 3924249429087017986, guid: 4f3cb50685d304d92a1a7dbfe1219473,
        type: 3}
      propertyPath: m_LocalPosition.z
      value: -0
      objectReference: {fileID: 0}
    - target: {fileID: 3924249429087017986, guid: 4f3cb50685d304d92a1a7dbfe1219473,
        type: 3}
      propertyPath: m_LocalRotation.w
      value: 1
      objectReference: {fileID: 0}
    - target: {fileID: 3924249429087017986, guid: 4f3cb50685d304d92a1a7dbfe1219473,
        type: 3}
      propertyPath: m_LocalRotation.x
      value: -0
      objectReference: {fileID: 0}
    - target: {fileID: 3924249429087017986, guid: 4f3cb50685d304d92a1a7dbfe1219473,
        type: 3}
      propertyPath: m_LocalRotation.y
      value: -0
      objectReference: {fileID: 0}
    - target: {fileID: 3924249429087017986, guid: 4f3cb50685d304d92a1a7dbfe1219473,
        type: 3}
      propertyPath: m_LocalRotation.z
      value: -0
      objectReference: {fileID: 0}
    - target: {fileID: 3924249429087017986, guid: 4f3cb50685d304d92a1a7dbfe1219473,
        type: 3}
      propertyPath: m_LocalEulerAnglesHint.x
      value: 0
      objectReference: {fileID: 0}
    - target: {fileID: 3924249429087017986, guid: 4f3cb50685d304d92a1a7dbfe1219473,
        type: 3}
      propertyPath: m_LocalEulerAnglesHint.y
      value: 0
      objectReference: {fileID: 0}
    - target: {fileID: 3924249429087017986, guid: 4f3cb50685d304d92a1a7dbfe1219473,
        type: 3}
      propertyPath: m_LocalEulerAnglesHint.z
      value: 0
      objectReference: {fileID: 0}
    - target: {fileID: 7880197855557124833, guid: 4f3cb50685d304d92a1a7dbfe1219473,
        type: 3}
      propertyPath: m_Sprite
      value: 
      objectReference: {fileID: -5171295932897928410, guid: abf1c85880cc04df791227a38a50fd25,
        type: 3}
    m_RemovedComponents: []
  m_SourcePrefab: {fileID: 100100000, guid: 4f3cb50685d304d92a1a7dbfe1219473, type: 3}
--- !u!1001 &1844700199946538200
PrefabInstance:
  m_ObjectHideFlags: 0
  serializedVersion: 2
  m_Modification:
    m_TransformParent: {fileID: 0}
    m_Modifications:
    - target: {fileID: 16122803413331349, guid: d1864b87248b74381b59748b50dbd186,
        type: 3}
      propertyPath: m_RootOrder
      value: 21
      objectReference: {fileID: 0}
    - target: {fileID: 31059375529261823, guid: d1864b87248b74381b59748b50dbd186,
        type: 3}
      propertyPath: m_RootOrder
      value: 4
      objectReference: {fileID: 0}
    - target: {fileID: 437275677996588713, guid: d1864b87248b74381b59748b50dbd186,
        type: 3}
      propertyPath: m_Text
      value: cityunderground-0-3
      objectReference: {fileID: 0}
    - target: {fileID: 1268888016520498756, guid: d1864b87248b74381b59748b50dbd186,
        type: 3}
      propertyPath: m_RootOrder
      value: 6
      objectReference: {fileID: 0}
    - target: {fileID: 1301624615008601836, guid: d1864b87248b74381b59748b50dbd186,
        type: 3}
      propertyPath: m_Name
      value: cityunderground-0-3
      objectReference: {fileID: 0}
    - target: {fileID: 1774134624541637153, guid: d1864b87248b74381b59748b50dbd186,
        type: 3}
      propertyPath: m_RootOrder
      value: 2
      objectReference: {fileID: 0}
    - target: {fileID: 1810661693476826660, guid: d1864b87248b74381b59748b50dbd186,
        type: 3}
      propertyPath: m_RootOrder
      value: 0
      objectReference: {fileID: 0}
    - target: {fileID: 1810661693476826660, guid: d1864b87248b74381b59748b50dbd186,
        type: 3}
      propertyPath: m_LocalPosition.x
      value: 0
      objectReference: {fileID: 0}
    - target: {fileID: 1810661693476826660, guid: d1864b87248b74381b59748b50dbd186,
        type: 3}
      propertyPath: m_LocalPosition.y
      value: 0
      objectReference: {fileID: 0}
    - target: {fileID: 1810661693476826660, guid: d1864b87248b74381b59748b50dbd186,
        type: 3}
      propertyPath: m_LocalPosition.z
      value: 0
      objectReference: {fileID: 0}
    - target: {fileID: 1810661693476826660, guid: d1864b87248b74381b59748b50dbd186,
        type: 3}
      propertyPath: m_LocalRotation.w
      value: 1
      objectReference: {fileID: 0}
    - target: {fileID: 1810661693476826660, guid: d1864b87248b74381b59748b50dbd186,
        type: 3}
      propertyPath: m_LocalRotation.x
      value: 0
      objectReference: {fileID: 0}
    - target: {fileID: 1810661693476826660, guid: d1864b87248b74381b59748b50dbd186,
        type: 3}
      propertyPath: m_LocalRotation.y
      value: 0
      objectReference: {fileID: 0}
    - target: {fileID: 1810661693476826660, guid: d1864b87248b74381b59748b50dbd186,
        type: 3}
      propertyPath: m_LocalRotation.z
      value: 0
      objectReference: {fileID: 0}
    - target: {fileID: 1810661693476826660, guid: d1864b87248b74381b59748b50dbd186,
        type: 3}
      propertyPath: m_LocalEulerAnglesHint.x
      value: 0
      objectReference: {fileID: 0}
    - target: {fileID: 1810661693476826660, guid: d1864b87248b74381b59748b50dbd186,
        type: 3}
      propertyPath: m_LocalEulerAnglesHint.y
      value: 0
      objectReference: {fileID: 0}
    - target: {fileID: 1810661693476826660, guid: d1864b87248b74381b59748b50dbd186,
        type: 3}
      propertyPath: m_LocalEulerAnglesHint.z
      value: 0
      objectReference: {fileID: 0}
    - target: {fileID: 2946711658553323388, guid: d1864b87248b74381b59748b50dbd186,
        type: 3}
      propertyPath: m_RootOrder
      value: 20
      objectReference: {fileID: 0}
    - target: {fileID: 3146449533290313155, guid: d1864b87248b74381b59748b50dbd186,
        type: 3}
      propertyPath: m_RootOrder
      value: 19
      objectReference: {fileID: 0}
    - target: {fileID: 3379947424451832828, guid: d1864b87248b74381b59748b50dbd186,
        type: 3}
      propertyPath: m_RootOrder
      value: 22
      objectReference: {fileID: 0}
    - target: {fileID: 4094025315229897344, guid: d1864b87248b74381b59748b50dbd186,
        type: 3}
      propertyPath: m_RootOrder
      value: 18
      objectReference: {fileID: 0}
    - target: {fileID: 4106966886623045535, guid: d1864b87248b74381b59748b50dbd186,
        type: 3}
      propertyPath: m_RootOrder
      value: 14
      objectReference: {fileID: 0}
    - target: {fileID: 4332693858853550346, guid: d1864b87248b74381b59748b50dbd186,
        type: 3}
      propertyPath: m_RootOrder
      value: 11
      objectReference: {fileID: 0}
    - target: {fileID: 4441632219072684725, guid: d1864b87248b74381b59748b50dbd186,
        type: 3}
      propertyPath: m_RootOrder
      value: 16
      objectReference: {fileID: 0}
    - target: {fileID: 4510882259935720821, guid: d1864b87248b74381b59748b50dbd186,
        type: 3}
      propertyPath: m_RootOrder
      value: 17
      objectReference: {fileID: 0}
    - target: {fileID: 4617556761655716328, guid: d1864b87248b74381b59748b50dbd186,
        type: 3}
      propertyPath: m_RootOrder
      value: 25
      objectReference: {fileID: 0}
    - target: {fileID: 4704638273617705196, guid: d1864b87248b74381b59748b50dbd186,
        type: 3}
      propertyPath: m_RootOrder
      value: 7
      objectReference: {fileID: 0}
    - target: {fileID: 5184380821847931360, guid: d1864b87248b74381b59748b50dbd186,
        type: 3}
      propertyPath: m_RootOrder
      value: 5
      objectReference: {fileID: 0}
    - target: {fileID: 6088882253668501205, guid: d1864b87248b74381b59748b50dbd186,
        type: 3}
      propertyPath: m_RootOrder
      value: 8
      objectReference: {fileID: 0}
    - target: {fileID: 6098994580833005470, guid: d1864b87248b74381b59748b50dbd186,
        type: 3}
      propertyPath: m_RootOrder
      value: 23
      objectReference: {fileID: 0}
    - target: {fileID: 6328355647226429862, guid: d1864b87248b74381b59748b50dbd186,
        type: 3}
      propertyPath: m_RootOrder
      value: 3
      objectReference: {fileID: 0}
    - target: {fileID: 6379974361363133168, guid: d1864b87248b74381b59748b50dbd186,
        type: 3}
      propertyPath: m_RootOrder
      value: 2
      objectReference: {fileID: 0}
    - target: {fileID: 6379974361363133169, guid: d1864b87248b74381b59748b50dbd186,
        type: 3}
      propertyPath: x
      value: 2.125
      objectReference: {fileID: 0}
    - target: {fileID: 6379974361363133169, guid: d1864b87248b74381b59748b50dbd186,
        type: 3}
      propertyPath: text
      value: cityunderground-0-3
      objectReference: {fileID: 0}
    - target: {fileID: 6379974361363133182, guid: d1864b87248b74381b59748b50dbd186,
        type: 3}
      propertyPath: m_IsActive
      value: 0
      objectReference: {fileID: 0}
    - target: {fileID: 7162173243298600752, guid: d1864b87248b74381b59748b50dbd186,
        type: 3}
      propertyPath: m_RootOrder
      value: 13
      objectReference: {fileID: 0}
    - target: {fileID: 7677112729063908416, guid: d1864b87248b74381b59748b50dbd186,
        type: 3}
      propertyPath: m_RootOrder
      value: 10
      objectReference: {fileID: 0}
    - target: {fileID: 7721181725533580081, guid: d1864b87248b74381b59748b50dbd186,
        type: 3}
      propertyPath: m_RootOrder
      value: 15
      objectReference: {fileID: 0}
    - target: {fileID: 7903863384713766383, guid: d1864b87248b74381b59748b50dbd186,
        type: 3}
      propertyPath: m_RootOrder
      value: 2
      objectReference: {fileID: 0}
    - target: {fileID: 8039312502760170280, guid: d1864b87248b74381b59748b50dbd186,
        type: 3}
      propertyPath: m_RootOrder
      value: 12
      objectReference: {fileID: 0}
    - target: {fileID: 8759342802660326533, guid: d1864b87248b74381b59748b50dbd186,
        type: 3}
      propertyPath: m_RootOrder
      value: 9
      objectReference: {fileID: 0}
    - target: {fileID: 9123741508254388242, guid: d1864b87248b74381b59748b50dbd186,
        type: 3}
      propertyPath: m_RootOrder
      value: 24
      objectReference: {fileID: 0}
    m_RemovedComponents: []
  m_SourcePrefab: {fileID: 100100000, guid: d1864b87248b74381b59748b50dbd186, type: 3}
--- !u!4 &52198461691405052 stripped
Transform:
  m_CorrespondingSourceObject: {fileID: 1810661693476826660, guid: d1864b87248b74381b59748b50dbd186,
    type: 3}
  m_PrefabInstance: {fileID: 1844700199946538200}
  m_PrefabAsset: {fileID: 0}
--- !u!4 &4689243300568366632 stripped
Transform:
  m_CorrespondingSourceObject: {fileID: 6379974361363133168, guid: d1864b87248b74381b59748b50dbd186,
    type: 3}
  m_PrefabInstance: {fileID: 1844700199946538200}
  m_PrefabAsset: {fileID: 0}
--- !u!1001 &1986585999006275212
PrefabInstance:
  m_ObjectHideFlags: 0
  serializedVersion: 2
  m_Modification:
    m_TransformParent: {fileID: 4689243300568366632}
    m_Modifications:
    - target: {fileID: 136082698227566851, guid: 4f3cb50685d304d92a1a7dbfe1219473,
        type: 3}
      propertyPath: m_Sprite
      value: 
      objectReference: {fileID: -3348070807914769268, guid: 80ed475ef54fa4ee5a3c397bc5691d9f,
        type: 3}
    - target: {fileID: 857544556734785415, guid: 4f3cb50685d304d92a1a7dbfe1219473,
        type: 3}
      propertyPath: m_Name
      value: glyph
      objectReference: {fileID: 0}
    - target: {fileID: 3924249429087017986, guid: 4f3cb50685d304d92a1a7dbfe1219473,
        type: 3}
      propertyPath: m_RootOrder
      value: 16
      objectReference: {fileID: 0}
    - target: {fileID: 3924249429087017986, guid: 4f3cb50685d304d92a1a7dbfe1219473,
        type: 3}
      propertyPath: m_LocalPosition.x
      value: 1
      objectReference: {fileID: 0}
    - target: {fileID: 3924249429087017986, guid: 4f3cb50685d304d92a1a7dbfe1219473,
        type: 3}
      propertyPath: m_LocalPosition.y
      value: 0
      objectReference: {fileID: 0}
    - target: {fileID: 3924249429087017986, guid: 4f3cb50685d304d92a1a7dbfe1219473,
        type: 3}
      propertyPath: m_LocalPosition.z
      value: 0
      objectReference: {fileID: 0}
    - target: {fileID: 3924249429087017986, guid: 4f3cb50685d304d92a1a7dbfe1219473,
        type: 3}
      propertyPath: m_LocalRotation.w
      value: 1
      objectReference: {fileID: 0}
    - target: {fileID: 3924249429087017986, guid: 4f3cb50685d304d92a1a7dbfe1219473,
        type: 3}
      propertyPath: m_LocalRotation.x
      value: -0
      objectReference: {fileID: 0}
    - target: {fileID: 3924249429087017986, guid: 4f3cb50685d304d92a1a7dbfe1219473,
        type: 3}
      propertyPath: m_LocalRotation.y
      value: -0
      objectReference: {fileID: 0}
    - target: {fileID: 3924249429087017986, guid: 4f3cb50685d304d92a1a7dbfe1219473,
        type: 3}
      propertyPath: m_LocalRotation.z
      value: -0
      objectReference: {fileID: 0}
    - target: {fileID: 3924249429087017986, guid: 4f3cb50685d304d92a1a7dbfe1219473,
        type: 3}
      propertyPath: m_LocalEulerAnglesHint.x
      value: 0
      objectReference: {fileID: 0}
    - target: {fileID: 3924249429087017986, guid: 4f3cb50685d304d92a1a7dbfe1219473,
        type: 3}
      propertyPath: m_LocalEulerAnglesHint.y
      value: 0
      objectReference: {fileID: 0}
    - target: {fileID: 3924249429087017986, guid: 4f3cb50685d304d92a1a7dbfe1219473,
        type: 3}
      propertyPath: m_LocalEulerAnglesHint.z
      value: 0
      objectReference: {fileID: 0}
    - target: {fileID: 7880197855557124833, guid: 4f3cb50685d304d92a1a7dbfe1219473,
        type: 3}
      propertyPath: m_Sprite
      value: 
      objectReference: {fileID: 3134310310974043849, guid: abf1c85880cc04df791227a38a50fd25,
        type: 3}
    m_RemovedComponents: []
  m_SourcePrefab: {fileID: 100100000, guid: 4f3cb50685d304d92a1a7dbfe1219473, type: 3}
--- !u!1001 &2451839372641858239
PrefabInstance:
  m_ObjectHideFlags: 0
  serializedVersion: 2
  m_Modification:
    m_TransformParent: {fileID: 4689243300568366632}
    m_Modifications:
    - target: {fileID: 136082698227566851, guid: 4f3cb50685d304d92a1a7dbfe1219473,
        type: 3}
      propertyPath: m_Sprite
      value: 
      objectReference: {fileID: -4542880975700418264, guid: 80ed475ef54fa4ee5a3c397bc5691d9f,
        type: 3}
    - target: {fileID: 857544556734785415, guid: 4f3cb50685d304d92a1a7dbfe1219473,
        type: 3}
      propertyPath: m_Name
      value: glyph
      objectReference: {fileID: 0}
    - target: {fileID: 3924249429087017986, guid: 4f3cb50685d304d92a1a7dbfe1219473,
        type: 3}
      propertyPath: m_RootOrder
      value: 3
      objectReference: {fileID: 0}
    - target: {fileID: 3924249429087017986, guid: 4f3cb50685d304d92a1a7dbfe1219473,
        type: 3}
      propertyPath: m_LocalPosition.x
      value: -0.625
      objectReference: {fileID: 0}
    - target: {fileID: 3924249429087017986, guid: 4f3cb50685d304d92a1a7dbfe1219473,
        type: 3}
      propertyPath: m_LocalPosition.y
      value: -0
      objectReference: {fileID: 0}
    - target: {fileID: 3924249429087017986, guid: 4f3cb50685d304d92a1a7dbfe1219473,
        type: 3}
      propertyPath: m_LocalPosition.z
      value: -0
      objectReference: {fileID: 0}
    - target: {fileID: 3924249429087017986, guid: 4f3cb50685d304d92a1a7dbfe1219473,
        type: 3}
      propertyPath: m_LocalRotation.w
      value: 1
      objectReference: {fileID: 0}
    - target: {fileID: 3924249429087017986, guid: 4f3cb50685d304d92a1a7dbfe1219473,
        type: 3}
      propertyPath: m_LocalRotation.x
      value: -0
      objectReference: {fileID: 0}
    - target: {fileID: 3924249429087017986, guid: 4f3cb50685d304d92a1a7dbfe1219473,
        type: 3}
      propertyPath: m_LocalRotation.y
      value: -0
      objectReference: {fileID: 0}
    - target: {fileID: 3924249429087017986, guid: 4f3cb50685d304d92a1a7dbfe1219473,
        type: 3}
      propertyPath: m_LocalRotation.z
      value: -0
      objectReference: {fileID: 0}
    - target: {fileID: 3924249429087017986, guid: 4f3cb50685d304d92a1a7dbfe1219473,
        type: 3}
      propertyPath: m_LocalEulerAnglesHint.x
      value: 0
      objectReference: {fileID: 0}
    - target: {fileID: 3924249429087017986, guid: 4f3cb50685d304d92a1a7dbfe1219473,
        type: 3}
      propertyPath: m_LocalEulerAnglesHint.y
      value: 0
      objectReference: {fileID: 0}
    - target: {fileID: 3924249429087017986, guid: 4f3cb50685d304d92a1a7dbfe1219473,
        type: 3}
      propertyPath: m_LocalEulerAnglesHint.z
      value: 0
      objectReference: {fileID: 0}
    - target: {fileID: 7880197855557124833, guid: 4f3cb50685d304d92a1a7dbfe1219473,
        type: 3}
      propertyPath: m_Sprite
      value: 
      objectReference: {fileID: -1173884141289412067, guid: abf1c85880cc04df791227a38a50fd25,
        type: 3}
    m_RemovedComponents: []
  m_SourcePrefab: {fileID: 100100000, guid: 4f3cb50685d304d92a1a7dbfe1219473, type: 3}
--- !u!1001 &3334102780090060253
PrefabInstance:
  m_ObjectHideFlags: 0
  serializedVersion: 2
  m_Modification:
    m_TransformParent: {fileID: 4689243300568366632}
    m_Modifications:
    - target: {fileID: 136082698227566851, guid: 4f3cb50685d304d92a1a7dbfe1219473,
        type: 3}
      propertyPath: m_Sprite
      value: 
      objectReference: {fileID: -5312299742121032250, guid: 80ed475ef54fa4ee5a3c397bc5691d9f,
        type: 3}
    - target: {fileID: 857544556734785415, guid: 4f3cb50685d304d92a1a7dbfe1219473,
        type: 3}
      propertyPath: m_Name
      value: glyph
      objectReference: {fileID: 0}
    - target: {fileID: 3924249429087017986, guid: 4f3cb50685d304d92a1a7dbfe1219473,
        type: 3}
      propertyPath: m_RootOrder
      value: 15
      objectReference: {fileID: 0}
    - target: {fileID: 3924249429087017986, guid: 4f3cb50685d304d92a1a7dbfe1219473,
        type: 3}
      propertyPath: m_LocalPosition.x
      value: 0.875
      objectReference: {fileID: 0}
    - target: {fileID: 3924249429087017986, guid: 4f3cb50685d304d92a1a7dbfe1219473,
        type: 3}
      propertyPath: m_LocalPosition.y
      value: 0
      objectReference: {fileID: 0}
    - target: {fileID: 3924249429087017986, guid: 4f3cb50685d304d92a1a7dbfe1219473,
        type: 3}
      propertyPath: m_LocalPosition.z
      value: 0
      objectReference: {fileID: 0}
    - target: {fileID: 3924249429087017986, guid: 4f3cb50685d304d92a1a7dbfe1219473,
        type: 3}
      propertyPath: m_LocalRotation.w
      value: 1
      objectReference: {fileID: 0}
    - target: {fileID: 3924249429087017986, guid: 4f3cb50685d304d92a1a7dbfe1219473,
        type: 3}
      propertyPath: m_LocalRotation.x
      value: -0
      objectReference: {fileID: 0}
    - target: {fileID: 3924249429087017986, guid: 4f3cb50685d304d92a1a7dbfe1219473,
        type: 3}
      propertyPath: m_LocalRotation.y
      value: -0
      objectReference: {fileID: 0}
    - target: {fileID: 3924249429087017986, guid: 4f3cb50685d304d92a1a7dbfe1219473,
        type: 3}
      propertyPath: m_LocalRotation.z
      value: -0
      objectReference: {fileID: 0}
    - target: {fileID: 3924249429087017986, guid: 4f3cb50685d304d92a1a7dbfe1219473,
        type: 3}
      propertyPath: m_LocalEulerAnglesHint.x
      value: 0
      objectReference: {fileID: 0}
    - target: {fileID: 3924249429087017986, guid: 4f3cb50685d304d92a1a7dbfe1219473,
        type: 3}
      propertyPath: m_LocalEulerAnglesHint.y
      value: 0
      objectReference: {fileID: 0}
    - target: {fileID: 3924249429087017986, guid: 4f3cb50685d304d92a1a7dbfe1219473,
        type: 3}
      propertyPath: m_LocalEulerAnglesHint.z
      value: 0
      objectReference: {fileID: 0}
    - target: {fileID: 7880197855557124833, guid: 4f3cb50685d304d92a1a7dbfe1219473,
        type: 3}
      propertyPath: m_Sprite
      value: 
      objectReference: {fileID: 8688309508350788468, guid: abf1c85880cc04df791227a38a50fd25,
        type: 3}
    m_RemovedComponents: []
  m_SourcePrefab: {fileID: 100100000, guid: 4f3cb50685d304d92a1a7dbfe1219473, type: 3}
--- !u!1001 &3778101174294999106
PrefabInstance:
  m_ObjectHideFlags: 0
  serializedVersion: 2
  m_Modification:
    m_TransformParent: {fileID: 4689243300568366632}
    m_Modifications:
    - target: {fileID: 136082698227566851, guid: 4f3cb50685d304d92a1a7dbfe1219473,
        type: 3}
      propertyPath: m_Sprite
      value: 
      objectReference: {fileID: -2781238962329105481, guid: 80ed475ef54fa4ee5a3c397bc5691d9f,
        type: 3}
    - target: {fileID: 857544556734785415, guid: 4f3cb50685d304d92a1a7dbfe1219473,
        type: 3}
      propertyPath: m_Name
      value: glyph
      objectReference: {fileID: 0}
    - target: {fileID: 3924249429087017986, guid: 4f3cb50685d304d92a1a7dbfe1219473,
        type: 3}
      propertyPath: m_RootOrder
      value: 11
      objectReference: {fileID: 0}
    - target: {fileID: 3924249429087017986, guid: 4f3cb50685d304d92a1a7dbfe1219473,
        type: 3}
      propertyPath: m_LocalPosition.x
      value: 0.375
      objectReference: {fileID: 0}
    - target: {fileID: 3924249429087017986, guid: 4f3cb50685d304d92a1a7dbfe1219473,
        type: 3}
      propertyPath: m_LocalPosition.y
      value: 0
      objectReference: {fileID: 0}
    - target: {fileID: 3924249429087017986, guid: 4f3cb50685d304d92a1a7dbfe1219473,
        type: 3}
      propertyPath: m_LocalPosition.z
      value: 0
      objectReference: {fileID: 0}
    - target: {fileID: 3924249429087017986, guid: 4f3cb50685d304d92a1a7dbfe1219473,
        type: 3}
      propertyPath: m_LocalRotation.w
      value: 1
      objectReference: {fileID: 0}
    - target: {fileID: 3924249429087017986, guid: 4f3cb50685d304d92a1a7dbfe1219473,
        type: 3}
      propertyPath: m_LocalRotation.x
      value: -0
      objectReference: {fileID: 0}
    - target: {fileID: 3924249429087017986, guid: 4f3cb50685d304d92a1a7dbfe1219473,
        type: 3}
      propertyPath: m_LocalRotation.y
      value: -0
      objectReference: {fileID: 0}
    - target: {fileID: 3924249429087017986, guid: 4f3cb50685d304d92a1a7dbfe1219473,
        type: 3}
      propertyPath: m_LocalRotation.z
      value: -0
      objectReference: {fileID: 0}
    - target: {fileID: 3924249429087017986, guid: 4f3cb50685d304d92a1a7dbfe1219473,
        type: 3}
      propertyPath: m_LocalEulerAnglesHint.x
      value: 0
      objectReference: {fileID: 0}
    - target: {fileID: 3924249429087017986, guid: 4f3cb50685d304d92a1a7dbfe1219473,
        type: 3}
      propertyPath: m_LocalEulerAnglesHint.y
      value: 0
      objectReference: {fileID: 0}
    - target: {fileID: 3924249429087017986, guid: 4f3cb50685d304d92a1a7dbfe1219473,
        type: 3}
      propertyPath: m_LocalEulerAnglesHint.z
      value: 0
      objectReference: {fileID: 0}
    - target: {fileID: 7880197855557124833, guid: 4f3cb50685d304d92a1a7dbfe1219473,
        type: 3}
      propertyPath: m_Sprite
      value: 
      objectReference: {fileID: 6936312320283059713, guid: abf1c85880cc04df791227a38a50fd25,
        type: 3}
    m_RemovedComponents: []
  m_SourcePrefab: {fileID: 100100000, guid: 4f3cb50685d304d92a1a7dbfe1219473, type: 3}
--- !u!1001 &4374908137946442680
PrefabInstance:
  m_ObjectHideFlags: 0
  serializedVersion: 2
  m_Modification:
    m_TransformParent: {fileID: 52198461691405052}
    m_Modifications:
    - target: {fileID: 1531869447189520822, guid: 97fd5e00c27064fe3a9891a8484d9074,
        type: 3}
      propertyPath: m_Name
      value: bg wall
      objectReference: {fileID: 0}
    - target: {fileID: 3784639491395550152, guid: 97fd5e00c27064fe3a9891a8484d9074,
        type: 3}
      propertyPath: m_RootOrder
      value: 3
      objectReference: {fileID: 0}
    - target: {fileID: 3784639491395550152, guid: 97fd5e00c27064fe3a9891a8484d9074,
        type: 3}
      propertyPath: m_LocalPosition.x
      value: 5
      objectReference: {fileID: 0}
    - target: {fileID: 3784639491395550152, guid: 97fd5e00c27064fe3a9891a8484d9074,
        type: 3}
      propertyPath: m_LocalPosition.y
      value: 5
      objectReference: {fileID: 0}
    - target: {fileID: 3784639491395550152, guid: 97fd5e00c27064fe3a9891a8484d9074,
        type: 3}
      propertyPath: m_LocalPosition.z
      value: 0
      objectReference: {fileID: 0}
    - target: {fileID: 3784639491395550152, guid: 97fd5e00c27064fe3a9891a8484d9074,
        type: 3}
      propertyPath: m_LocalRotation.w
      value: 1
      objectReference: {fileID: 0}
    - target: {fileID: 3784639491395550152, guid: 97fd5e00c27064fe3a9891a8484d9074,
        type: 3}
      propertyPath: m_LocalRotation.x
      value: -0
      objectReference: {fileID: 0}
    - target: {fileID: 3784639491395550152, guid: 97fd5e00c27064fe3a9891a8484d9074,
        type: 3}
      propertyPath: m_LocalRotation.y
      value: -0
      objectReference: {fileID: 0}
    - target: {fileID: 3784639491395550152, guid: 97fd5e00c27064fe3a9891a8484d9074,
        type: 3}
      propertyPath: m_LocalRotation.z
      value: -0
      objectReference: {fileID: 0}
    - target: {fileID: 3784639491395550152, guid: 97fd5e00c27064fe3a9891a8484d9074,
        type: 3}
      propertyPath: m_LocalEulerAnglesHint.x
      value: 0
      objectReference: {fileID: 0}
    - target: {fileID: 3784639491395550152, guid: 97fd5e00c27064fe3a9891a8484d9074,
        type: 3}
      propertyPath: m_LocalEulerAnglesHint.y
      value: 0
      objectReference: {fileID: 0}
    - target: {fileID: 3784639491395550152, guid: 97fd5e00c27064fe3a9891a8484d9074,
        type: 3}
      propertyPath: m_LocalEulerAnglesHint.z
      value: 0
      objectReference: {fileID: 0}
    - target: {fileID: 4654359712525082122, guid: 97fd5e00c27064fe3a9891a8484d9074,
        type: 3}
      propertyPath: m_Size.x
      value: 10
      objectReference: {fileID: 0}
    - target: {fileID: 4654359712525082122, guid: 97fd5e00c27064fe3a9891a8484d9074,
        type: 3}
      propertyPath: m_Size.y
      value: 10
      objectReference: {fileID: 0}
    m_RemovedComponents: []
  m_SourcePrefab: {fileID: 100100000, guid: 97fd5e00c27064fe3a9891a8484d9074, type: 3}
--- !u!1001 &4385441825592338958
PrefabInstance:
  m_ObjectHideFlags: 0
  serializedVersion: 2
  m_Modification:
    m_TransformParent: {fileID: 4689243300568366632}
    m_Modifications:
    - target: {fileID: 136082698227566851, guid: 4f3cb50685d304d92a1a7dbfe1219473,
        type: 3}
      propertyPath: m_Sprite
      value: 
      objectReference: {fileID: 391108105214553920, guid: 80ed475ef54fa4ee5a3c397bc5691d9f,
        type: 3}
    - target: {fileID: 857544556734785415, guid: 4f3cb50685d304d92a1a7dbfe1219473,
        type: 3}
      propertyPath: m_Name
      value: glyph
      objectReference: {fileID: 0}
    - target: {fileID: 3924249429087017986, guid: 4f3cb50685d304d92a1a7dbfe1219473,
        type: 3}
      propertyPath: m_RootOrder
      value: 1
      objectReference: {fileID: 0}
    - target: {fileID: 3924249429087017986, guid: 4f3cb50685d304d92a1a7dbfe1219473,
        type: 3}
      propertyPath: m_LocalPosition.x
      value: -0.875
      objectReference: {fileID: 0}
    - target: {fileID: 3924249429087017986, guid: 4f3cb50685d304d92a1a7dbfe1219473,
        type: 3}
      propertyPath: m_LocalPosition.y
      value: -0
      objectReference: {fileID: 0}
    - target: {fileID: 3924249429087017986, guid: 4f3cb50685d304d92a1a7dbfe1219473,
        type: 3}
      propertyPath: m_LocalPosition.z
      value: -0
      objectReference: {fileID: 0}
    - target: {fileID: 3924249429087017986, guid: 4f3cb50685d304d92a1a7dbfe1219473,
        type: 3}
      propertyPath: m_LocalRotation.w
      value: 1
      objectReference: {fileID: 0}
    - target: {fileID: 3924249429087017986, guid: 4f3cb50685d304d92a1a7dbfe1219473,
        type: 3}
      propertyPath: m_LocalRotation.x
      value: -0
      objectReference: {fileID: 0}
    - target: {fileID: 3924249429087017986, guid: 4f3cb50685d304d92a1a7dbfe1219473,
        type: 3}
      propertyPath: m_LocalRotation.y
      value: -0
      objectReference: {fileID: 0}
    - target: {fileID: 3924249429087017986, guid: 4f3cb50685d304d92a1a7dbfe1219473,
        type: 3}
      propertyPath: m_LocalRotation.z
      value: -0
      objectReference: {fileID: 0}
    - target: {fileID: 3924249429087017986, guid: 4f3cb50685d304d92a1a7dbfe1219473,
        type: 3}
      propertyPath: m_LocalEulerAnglesHint.x
      value: 0
      objectReference: {fileID: 0}
    - target: {fileID: 3924249429087017986, guid: 4f3cb50685d304d92a1a7dbfe1219473,
        type: 3}
      propertyPath: m_LocalEulerAnglesHint.y
      value: 0
      objectReference: {fileID: 0}
    - target: {fileID: 3924249429087017986, guid: 4f3cb50685d304d92a1a7dbfe1219473,
        type: 3}
      propertyPath: m_LocalEulerAnglesHint.z
      value: 0
      objectReference: {fileID: 0}
    - target: {fileID: 7880197855557124833, guid: 4f3cb50685d304d92a1a7dbfe1219473,
        type: 3}
      propertyPath: m_Sprite
      value: 
      objectReference: {fileID: 3858866516041162649, guid: abf1c85880cc04df791227a38a50fd25,
        type: 3}
    m_RemovedComponents: []
  m_SourcePrefab: {fileID: 100100000, guid: 4f3cb50685d304d92a1a7dbfe1219473, type: 3}
--- !u!1001 &4522984665904530913
PrefabInstance:
  m_ObjectHideFlags: 0
  serializedVersion: 2
  m_Modification:
    m_TransformParent: {fileID: 4689243300568366632}
    m_Modifications:
    - target: {fileID: 136082698227566851, guid: 4f3cb50685d304d92a1a7dbfe1219473,
        type: 3}
      propertyPath: m_Sprite
      value: 
      objectReference: {fileID: -471463302246468147, guid: 80ed475ef54fa4ee5a3c397bc5691d9f,
        type: 3}
    - target: {fileID: 857544556734785415, guid: 4f3cb50685d304d92a1a7dbfe1219473,
        type: 3}
      propertyPath: m_Name
      value: glyph
      objectReference: {fileID: 0}
    - target: {fileID: 3924249429087017986, guid: 4f3cb50685d304d92a1a7dbfe1219473,
        type: 3}
      propertyPath: m_RootOrder
      value: 2
      objectReference: {fileID: 0}
    - target: {fileID: 3924249429087017986, guid: 4f3cb50685d304d92a1a7dbfe1219473,
        type: 3}
      propertyPath: m_LocalPosition.x
      value: -0.75
      objectReference: {fileID: 0}
    - target: {fileID: 3924249429087017986, guid: 4f3cb50685d304d92a1a7dbfe1219473,
        type: 3}
      propertyPath: m_LocalPosition.y
      value: -0
      objectReference: {fileID: 0}
    - target: {fileID: 3924249429087017986, guid: 4f3cb50685d304d92a1a7dbfe1219473,
        type: 3}
      propertyPath: m_LocalPosition.z
      value: -0
      objectReference: {fileID: 0}
    - target: {fileID: 3924249429087017986, guid: 4f3cb50685d304d92a1a7dbfe1219473,
        type: 3}
      propertyPath: m_LocalRotation.w
      value: 1
      objectReference: {fileID: 0}
    - target: {fileID: 3924249429087017986, guid: 4f3cb50685d304d92a1a7dbfe1219473,
        type: 3}
      propertyPath: m_LocalRotation.x
      value: -0
      objectReference: {fileID: 0}
    - target: {fileID: 3924249429087017986, guid: 4f3cb50685d304d92a1a7dbfe1219473,
        type: 3}
      propertyPath: m_LocalRotation.y
      value: -0
      objectReference: {fileID: 0}
    - target: {fileID: 3924249429087017986, guid: 4f3cb50685d304d92a1a7dbfe1219473,
        type: 3}
      propertyPath: m_LocalRotation.z
      value: -0
      objectReference: {fileID: 0}
    - target: {fileID: 3924249429087017986, guid: 4f3cb50685d304d92a1a7dbfe1219473,
        type: 3}
      propertyPath: m_LocalEulerAnglesHint.x
      value: 0
      objectReference: {fileID: 0}
    - target: {fileID: 3924249429087017986, guid: 4f3cb50685d304d92a1a7dbfe1219473,
        type: 3}
      propertyPath: m_LocalEulerAnglesHint.y
      value: 0
      objectReference: {fileID: 0}
    - target: {fileID: 3924249429087017986, guid: 4f3cb50685d304d92a1a7dbfe1219473,
        type: 3}
      propertyPath: m_LocalEulerAnglesHint.z
      value: 0
      objectReference: {fileID: 0}
    - target: {fileID: 7880197855557124833, guid: 4f3cb50685d304d92a1a7dbfe1219473,
        type: 3}
      propertyPath: m_Sprite
      value: 
      objectReference: {fileID: 8777422594870061242, guid: abf1c85880cc04df791227a38a50fd25,
        type: 3}
    m_RemovedComponents: []
  m_SourcePrefab: {fileID: 100100000, guid: 4f3cb50685d304d92a1a7dbfe1219473, type: 3}
--- !u!1001 &4747180613620057697
PrefabInstance:
  m_ObjectHideFlags: 0
  serializedVersion: 2
  m_Modification:
    m_TransformParent: {fileID: 4689243300568366632}
    m_Modifications:
    - target: {fileID: 136082698227566851, guid: 4f3cb50685d304d92a1a7dbfe1219473,
        type: 3}
      propertyPath: m_Sprite
      value: 
      objectReference: {fileID: 8307082330996464696, guid: 80ed475ef54fa4ee5a3c397bc5691d9f,
        type: 3}
    - target: {fileID: 857544556734785415, guid: 4f3cb50685d304d92a1a7dbfe1219473,
        type: 3}
      propertyPath: m_Name
      value: glyph
      objectReference: {fileID: 0}
    - target: {fileID: 3924249429087017986, guid: 4f3cb50685d304d92a1a7dbfe1219473,
        type: 3}
      propertyPath: m_RootOrder
      value: 0
      objectReference: {fileID: 0}
    - target: {fileID: 3924249429087017986, guid: 4f3cb50685d304d92a1a7dbfe1219473,
        type: 3}
      propertyPath: m_LocalPosition.x
      value: -1
      objectReference: {fileID: 0}
    - target: {fileID: 3924249429087017986, guid: 4f3cb50685d304d92a1a7dbfe1219473,
        type: 3}
      propertyPath: m_LocalPosition.y
      value: -0
      objectReference: {fileID: 0}
    - target: {fileID: 3924249429087017986, guid: 4f3cb50685d304d92a1a7dbfe1219473,
        type: 3}
      propertyPath: m_LocalPosition.z
      value: -0
      objectReference: {fileID: 0}
    - target: {fileID: 3924249429087017986, guid: 4f3cb50685d304d92a1a7dbfe1219473,
        type: 3}
      propertyPath: m_LocalRotation.w
      value: 1
      objectReference: {fileID: 0}
    - target: {fileID: 3924249429087017986, guid: 4f3cb50685d304d92a1a7dbfe1219473,
        type: 3}
      propertyPath: m_LocalRotation.x
      value: -0
      objectReference: {fileID: 0}
    - target: {fileID: 3924249429087017986, guid: 4f3cb50685d304d92a1a7dbfe1219473,
        type: 3}
      propertyPath: m_LocalRotation.y
      value: -0
      objectReference: {fileID: 0}
    - target: {fileID: 3924249429087017986, guid: 4f3cb50685d304d92a1a7dbfe1219473,
        type: 3}
      propertyPath: m_LocalRotation.z
      value: -0
      objectReference: {fileID: 0}
    - target: {fileID: 3924249429087017986, guid: 4f3cb50685d304d92a1a7dbfe1219473,
        type: 3}
      propertyPath: m_LocalEulerAnglesHint.x
      value: 0
      objectReference: {fileID: 0}
    - target: {fileID: 3924249429087017986, guid: 4f3cb50685d304d92a1a7dbfe1219473,
        type: 3}
      propertyPath: m_LocalEulerAnglesHint.y
      value: 0
      objectReference: {fileID: 0}
    - target: {fileID: 3924249429087017986, guid: 4f3cb50685d304d92a1a7dbfe1219473,
        type: 3}
      propertyPath: m_LocalEulerAnglesHint.z
      value: 0
      objectReference: {fileID: 0}
    - target: {fileID: 7880197855557124833, guid: 4f3cb50685d304d92a1a7dbfe1219473,
        type: 3}
      propertyPath: m_Sprite
      value: 
      objectReference: {fileID: -231649787527152138, guid: abf1c85880cc04df791227a38a50fd25,
        type: 3}
    m_RemovedComponents: []
  m_SourcePrefab: {fileID: 100100000, guid: 4f3cb50685d304d92a1a7dbfe1219473, type: 3}
--- !u!1001 &5293189734223646088
PrefabInstance:
  m_ObjectHideFlags: 0
  serializedVersion: 2
  m_Modification:
    m_TransformParent: {fileID: 4689243300568366632}
    m_Modifications:
    - target: {fileID: 136082698227566851, guid: 4f3cb50685d304d92a1a7dbfe1219473,
        type: 3}
      propertyPath: m_Sprite
      value: 
      objectReference: {fileID: 487608782122503253, guid: 80ed475ef54fa4ee5a3c397bc5691d9f,
        type: 3}
    - target: {fileID: 857544556734785415, guid: 4f3cb50685d304d92a1a7dbfe1219473,
        type: 3}
      propertyPath: m_Name
      value: glyph
      objectReference: {fileID: 0}
    - target: {fileID: 3924249429087017986, guid: 4f3cb50685d304d92a1a7dbfe1219473,
        type: 3}
      propertyPath: m_RootOrder
      value: 13
      objectReference: {fileID: 0}
    - target: {fileID: 3924249429087017986, guid: 4f3cb50685d304d92a1a7dbfe1219473,
        type: 3}
      propertyPath: m_LocalPosition.x
      value: 0.625
      objectReference: {fileID: 0}
    - target: {fileID: 3924249429087017986, guid: 4f3cb50685d304d92a1a7dbfe1219473,
        type: 3}
      propertyPath: m_LocalPosition.y
      value: 0
      objectReference: {fileID: 0}
    - target: {fileID: 3924249429087017986, guid: 4f3cb50685d304d92a1a7dbfe1219473,
        type: 3}
      propertyPath: m_LocalPosition.z
      value: 0
      objectReference: {fileID: 0}
    - target: {fileID: 3924249429087017986, guid: 4f3cb50685d304d92a1a7dbfe1219473,
        type: 3}
      propertyPath: m_LocalRotation.w
      value: 1
      objectReference: {fileID: 0}
    - target: {fileID: 3924249429087017986, guid: 4f3cb50685d304d92a1a7dbfe1219473,
        type: 3}
      propertyPath: m_LocalRotation.x
      value: -0
      objectReference: {fileID: 0}
    - target: {fileID: 3924249429087017986, guid: 4f3cb50685d304d92a1a7dbfe1219473,
        type: 3}
      propertyPath: m_LocalRotation.y
      value: -0
      objectReference: {fileID: 0}
    - target: {fileID: 3924249429087017986, guid: 4f3cb50685d304d92a1a7dbfe1219473,
        type: 3}
      propertyPath: m_LocalRotation.z
      value: -0
      objectReference: {fileID: 0}
    - target: {fileID: 3924249429087017986, guid: 4f3cb50685d304d92a1a7dbfe1219473,
        type: 3}
      propertyPath: m_LocalEulerAnglesHint.x
      value: 0
      objectReference: {fileID: 0}
    - target: {fileID: 3924249429087017986, guid: 4f3cb50685d304d92a1a7dbfe1219473,
        type: 3}
      propertyPath: m_LocalEulerAnglesHint.y
      value: 0
      objectReference: {fileID: 0}
    - target: {fileID: 3924249429087017986, guid: 4f3cb50685d304d92a1a7dbfe1219473,
        type: 3}
      propertyPath: m_LocalEulerAnglesHint.z
      value: 0
      objectReference: {fileID: 0}
    - target: {fileID: 7880197855557124833, guid: 4f3cb50685d304d92a1a7dbfe1219473,
        type: 3}
      propertyPath: m_Sprite
      value: 
      objectReference: {fileID: -5171295932897928410, guid: abf1c85880cc04df791227a38a50fd25,
        type: 3}
    m_RemovedComponents: []
  m_SourcePrefab: {fileID: 100100000, guid: 4f3cb50685d304d92a1a7dbfe1219473, type: 3}
--- !u!1001 &6088929857747925365
PrefabInstance:
  m_ObjectHideFlags: 0
  serializedVersion: 2
  m_Modification:
    m_TransformParent: {fileID: 4689243300568366632}
    m_Modifications:
    - target: {fileID: 136082698227566851, guid: 4f3cb50685d304d92a1a7dbfe1219473,
        type: 3}
      propertyPath: m_Sprite
      value: 
      objectReference: {fileID: 3039617829440905425, guid: 80ed475ef54fa4ee5a3c397bc5691d9f,
        type: 3}
    - target: {fileID: 857544556734785415, guid: 4f3cb50685d304d92a1a7dbfe1219473,
        type: 3}
      propertyPath: m_Name
      value: glyph
      objectReference: {fileID: 0}
    - target: {fileID: 3924249429087017986, guid: 4f3cb50685d304d92a1a7dbfe1219473,
        type: 3}
      propertyPath: m_RootOrder
      value: 6
      objectReference: {fileID: 0}
    - target: {fileID: 3924249429087017986, guid: 4f3cb50685d304d92a1a7dbfe1219473,
        type: 3}
      propertyPath: m_LocalPosition.x
      value: -0.25
      objectReference: {fileID: 0}
    - target: {fileID: 3924249429087017986, guid: 4f3cb50685d304d92a1a7dbfe1219473,
        type: 3}
      propertyPath: m_LocalPosition.y
      value: -0
      objectReference: {fileID: 0}
    - target: {fileID: 3924249429087017986, guid: 4f3cb50685d304d92a1a7dbfe1219473,
        type: 3}
      propertyPath: m_LocalPosition.z
      value: -0
      objectReference: {fileID: 0}
    - target: {fileID: 3924249429087017986, guid: 4f3cb50685d304d92a1a7dbfe1219473,
        type: 3}
      propertyPath: m_LocalRotation.w
      value: 1
      objectReference: {fileID: 0}
    - target: {fileID: 3924249429087017986, guid: 4f3cb50685d304d92a1a7dbfe1219473,
        type: 3}
      propertyPath: m_LocalRotation.x
      value: -0
      objectReference: {fileID: 0}
    - target: {fileID: 3924249429087017986, guid: 4f3cb50685d304d92a1a7dbfe1219473,
        type: 3}
      propertyPath: m_LocalRotation.y
      value: -0
      objectReference: {fileID: 0}
    - target: {fileID: 3924249429087017986, guid: 4f3cb50685d304d92a1a7dbfe1219473,
        type: 3}
      propertyPath: m_LocalRotation.z
      value: -0
      objectReference: {fileID: 0}
    - target: {fileID: 3924249429087017986, guid: 4f3cb50685d304d92a1a7dbfe1219473,
        type: 3}
      propertyPath: m_LocalEulerAnglesHint.x
      value: 0
      objectReference: {fileID: 0}
    - target: {fileID: 3924249429087017986, guid: 4f3cb50685d304d92a1a7dbfe1219473,
        type: 3}
      propertyPath: m_LocalEulerAnglesHint.y
      value: 0
      objectReference: {fileID: 0}
    - target: {fileID: 3924249429087017986, guid: 4f3cb50685d304d92a1a7dbfe1219473,
        type: 3}
      propertyPath: m_LocalEulerAnglesHint.z
      value: 0
      objectReference: {fileID: 0}
    - target: {fileID: 7880197855557124833, guid: 4f3cb50685d304d92a1a7dbfe1219473,
        type: 3}
      propertyPath: m_Sprite
      value: 
      objectReference: {fileID: -66969292148072666, guid: abf1c85880cc04df791227a38a50fd25,
        type: 3}
    m_RemovedComponents: []
  m_SourcePrefab: {fileID: 100100000, guid: 4f3cb50685d304d92a1a7dbfe1219473, type: 3}
--- !u!1001 &6422451073617817614
PrefabInstance:
  m_ObjectHideFlags: 0
  serializedVersion: 2
  m_Modification:
    m_TransformParent: {fileID: 4689243300568366632}
    m_Modifications:
    - target: {fileID: 136082698227566851, guid: 4f3cb50685d304d92a1a7dbfe1219473,
        type: 3}
      propertyPath: m_Sprite
      value: 
      objectReference: {fileID: 3039617829440905425, guid: 80ed475ef54fa4ee5a3c397bc5691d9f,
        type: 3}
    - target: {fileID: 857544556734785415, guid: 4f3cb50685d304d92a1a7dbfe1219473,
        type: 3}
      propertyPath: m_Name
      value: glyph
      objectReference: {fileID: 0}
    - target: {fileID: 3924249429087017986, guid: 4f3cb50685d304d92a1a7dbfe1219473,
        type: 3}
      propertyPath: m_RootOrder
      value: 14
      objectReference: {fileID: 0}
    - target: {fileID: 3924249429087017986, guid: 4f3cb50685d304d92a1a7dbfe1219473,
        type: 3}
      propertyPath: m_LocalPosition.x
      value: 0.75
      objectReference: {fileID: 0}
    - target: {fileID: 3924249429087017986, guid: 4f3cb50685d304d92a1a7dbfe1219473,
        type: 3}
      propertyPath: m_LocalPosition.y
      value: 0
      objectReference: {fileID: 0}
    - target: {fileID: 3924249429087017986, guid: 4f3cb50685d304d92a1a7dbfe1219473,
        type: 3}
      propertyPath: m_LocalPosition.z
      value: 0
      objectReference: {fileID: 0}
    - target: {fileID: 3924249429087017986, guid: 4f3cb50685d304d92a1a7dbfe1219473,
        type: 3}
      propertyPath: m_LocalRotation.w
      value: 1
      objectReference: {fileID: 0}
    - target: {fileID: 3924249429087017986, guid: 4f3cb50685d304d92a1a7dbfe1219473,
        type: 3}
      propertyPath: m_LocalRotation.x
      value: -0
      objectReference: {fileID: 0}
    - target: {fileID: 3924249429087017986, guid: 4f3cb50685d304d92a1a7dbfe1219473,
        type: 3}
      propertyPath: m_LocalRotation.y
      value: -0
      objectReference: {fileID: 0}
    - target: {fileID: 3924249429087017986, guid: 4f3cb50685d304d92a1a7dbfe1219473,
        type: 3}
      propertyPath: m_LocalRotation.z
      value: -0
      objectReference: {fileID: 0}
    - target: {fileID: 3924249429087017986, guid: 4f3cb50685d304d92a1a7dbfe1219473,
        type: 3}
      propertyPath: m_LocalEulerAnglesHint.x
      value: 0
      objectReference: {fileID: 0}
    - target: {fileID: 3924249429087017986, guid: 4f3cb50685d304d92a1a7dbfe1219473,
        type: 3}
      propertyPath: m_LocalEulerAnglesHint.y
      value: 0
      objectReference: {fileID: 0}
    - target: {fileID: 3924249429087017986, guid: 4f3cb50685d304d92a1a7dbfe1219473,
        type: 3}
      propertyPath: m_LocalEulerAnglesHint.z
      value: 0
      objectReference: {fileID: 0}
    - target: {fileID: 7880197855557124833, guid: 4f3cb50685d304d92a1a7dbfe1219473,
        type: 3}
      propertyPath: m_Sprite
      value: 
      objectReference: {fileID: -66969292148072666, guid: abf1c85880cc04df791227a38a50fd25,
        type: 3}
    m_RemovedComponents: []
  m_SourcePrefab: {fileID: 100100000, guid: 4f3cb50685d304d92a1a7dbfe1219473, type: 3}
--- !u!1001 &6632153890335202046
PrefabInstance:
  m_ObjectHideFlags: 0
  serializedVersion: 2
  m_Modification:
    m_TransformParent: {fileID: 4689243300568366632}
    m_Modifications:
    - target: {fileID: 136082698227566851, guid: 4f3cb50685d304d92a1a7dbfe1219473,
        type: 3}
      propertyPath: m_Sprite
      value: 
      objectReference: {fileID: 6100775942790107712, guid: 80ed475ef54fa4ee5a3c397bc5691d9f,
        type: 3}
    - target: {fileID: 857544556734785415, guid: 4f3cb50685d304d92a1a7dbfe1219473,
        type: 3}
      propertyPath: m_Name
      value: glyph
      objectReference: {fileID: 0}
    - target: {fileID: 3924249429087017986, guid: 4f3cb50685d304d92a1a7dbfe1219473,
        type: 3}
      propertyPath: m_RootOrder
      value: 4
      objectReference: {fileID: 0}
    - target: {fileID: 3924249429087017986, guid: 4f3cb50685d304d92a1a7dbfe1219473,
        type: 3}
      propertyPath: m_LocalPosition.x
      value: -0.5
      objectReference: {fileID: 0}
    - target: {fileID: 3924249429087017986, guid: 4f3cb50685d304d92a1a7dbfe1219473,
        type: 3}
      propertyPath: m_LocalPosition.y
      value: -0
      objectReference: {fileID: 0}
    - target: {fileID: 3924249429087017986, guid: 4f3cb50685d304d92a1a7dbfe1219473,
        type: 3}
      propertyPath: m_LocalPosition.z
      value: -0
      objectReference: {fileID: 0}
    - target: {fileID: 3924249429087017986, guid: 4f3cb50685d304d92a1a7dbfe1219473,
        type: 3}
      propertyPath: m_LocalRotation.w
      value: 1
      objectReference: {fileID: 0}
    - target: {fileID: 3924249429087017986, guid: 4f3cb50685d304d92a1a7dbfe1219473,
        type: 3}
      propertyPath: m_LocalRotation.x
      value: -0
      objectReference: {fileID: 0}
    - target: {fileID: 3924249429087017986, guid: 4f3cb50685d304d92a1a7dbfe1219473,
        type: 3}
      propertyPath: m_LocalRotation.y
      value: -0
      objectReference: {fileID: 0}
    - target: {fileID: 3924249429087017986, guid: 4f3cb50685d304d92a1a7dbfe1219473,
        type: 3}
      propertyPath: m_LocalRotation.z
      value: -0
      objectReference: {fileID: 0}
    - target: {fileID: 3924249429087017986, guid: 4f3cb50685d304d92a1a7dbfe1219473,
        type: 3}
      propertyPath: m_LocalEulerAnglesHint.x
      value: 0
      objectReference: {fileID: 0}
    - target: {fileID: 3924249429087017986, guid: 4f3cb50685d304d92a1a7dbfe1219473,
        type: 3}
      propertyPath: m_LocalEulerAnglesHint.y
      value: 0
      objectReference: {fileID: 0}
    - target: {fileID: 3924249429087017986, guid: 4f3cb50685d304d92a1a7dbfe1219473,
        type: 3}
      propertyPath: m_LocalEulerAnglesHint.z
      value: 0
      objectReference: {fileID: 0}
    - target: {fileID: 7880197855557124833, guid: 4f3cb50685d304d92a1a7dbfe1219473,
        type: 3}
      propertyPath: m_Sprite
      value: 
      objectReference: {fileID: 1115707717824472232, guid: abf1c85880cc04df791227a38a50fd25,
        type: 3}
    m_RemovedComponents: []
  m_SourcePrefab: {fileID: 100100000, guid: 4f3cb50685d304d92a1a7dbfe1219473, type: 3}
--- !u!1001 &6814516805783782604
PrefabInstance:
  m_ObjectHideFlags: 0
  serializedVersion: 2
  m_Modification:
    m_TransformParent: {fileID: 4689243300568366632}
    m_Modifications:
    - target: {fileID: 136082698227566851, guid: 4f3cb50685d304d92a1a7dbfe1219473,
        type: 3}
      propertyPath: m_Sprite
      value: 
      objectReference: {fileID: -656542306599722420, guid: 80ed475ef54fa4ee5a3c397bc5691d9f,
        type: 3}
    - target: {fileID: 857544556734785415, guid: 4f3cb50685d304d92a1a7dbfe1219473,
        type: 3}
      propertyPath: m_Name
      value: glyph
      objectReference: {fileID: 0}
    - target: {fileID: 3924249429087017986, guid: 4f3cb50685d304d92a1a7dbfe1219473,
        type: 3}
      propertyPath: m_RootOrder
      value: 10
      objectReference: {fileID: 0}
    - target: {fileID: 3924249429087017986, guid: 4f3cb50685d304d92a1a7dbfe1219473,
        type: 3}
      propertyPath: m_LocalPosition.x
      value: 0.25
      objectReference: {fileID: 0}
    - target: {fileID: 3924249429087017986, guid: 4f3cb50685d304d92a1a7dbfe1219473,
        type: 3}
      propertyPath: m_LocalPosition.y
      value: 0
      objectReference: {fileID: 0}
    - target: {fileID: 3924249429087017986, guid: 4f3cb50685d304d92a1a7dbfe1219473,
        type: 3}
      propertyPath: m_LocalPosition.z
      value: 0
      objectReference: {fileID: 0}
    - target: {fileID: 3924249429087017986, guid: 4f3cb50685d304d92a1a7dbfe1219473,
        type: 3}
      propertyPath: m_LocalRotation.w
      value: 1
      objectReference: {fileID: 0}
    - target: {fileID: 3924249429087017986, guid: 4f3cb50685d304d92a1a7dbfe1219473,
        type: 3}
      propertyPath: m_LocalRotation.x
      value: -0
      objectReference: {fileID: 0}
    - target: {fileID: 3924249429087017986, guid: 4f3cb50685d304d92a1a7dbfe1219473,
        type: 3}
      propertyPath: m_LocalRotation.y
      value: -0
      objectReference: {fileID: 0}
    - target: {fileID: 3924249429087017986, guid: 4f3cb50685d304d92a1a7dbfe1219473,
        type: 3}
      propertyPath: m_LocalRotation.z
      value: -0
      objectReference: {fileID: 0}
    - target: {fileID: 3924249429087017986, guid: 4f3cb50685d304d92a1a7dbfe1219473,
        type: 3}
      propertyPath: m_LocalEulerAnglesHint.x
      value: 0
      objectReference: {fileID: 0}
    - target: {fileID: 3924249429087017986, guid: 4f3cb50685d304d92a1a7dbfe1219473,
        type: 3}
      propertyPath: m_LocalEulerAnglesHint.y
      value: 0
      objectReference: {fileID: 0}
    - target: {fileID: 3924249429087017986, guid: 4f3cb50685d304d92a1a7dbfe1219473,
        type: 3}
      propertyPath: m_LocalEulerAnglesHint.z
      value: 0
      objectReference: {fileID: 0}
    - target: {fileID: 7880197855557124833, guid: 4f3cb50685d304d92a1a7dbfe1219473,
        type: 3}
      propertyPath: m_Sprite
      value: 
      objectReference: {fileID: 7618965428202536921, guid: abf1c85880cc04df791227a38a50fd25,
        type: 3}
    m_RemovedComponents: []
  m_SourcePrefab: {fileID: 100100000, guid: 4f3cb50685d304d92a1a7dbfe1219473, type: 3}
--- !u!1001 &7695306995384469009
PrefabInstance:
  m_ObjectHideFlags: 0
  serializedVersion: 2
  m_Modification:
    m_TransformParent: {fileID: 52198461691405052}
    m_Modifications:
    - target: {fileID: 1049093956366660, guid: 8670cf86c24234bf391820e408de6d24, type: 3}
      propertyPath: m_Name
      value: floor (2)
      objectReference: {fileID: 0}
    - target: {fileID: 1049093956366660, guid: 8670cf86c24234bf391820e408de6d24, type: 3}
      propertyPath: m_StaticEditorFlags
      value: 4294967295
      objectReference: {fileID: 0}
    - target: {fileID: 4387301254824980, guid: 8670cf86c24234bf391820e408de6d24, type: 3}
      propertyPath: m_RootOrder
      value: 1
      objectReference: {fileID: 0}
    - target: {fileID: 4387301254824980, guid: 8670cf86c24234bf391820e408de6d24, type: 3}
      propertyPath: m_LocalPosition.x
      value: 5
      objectReference: {fileID: 0}
    - target: {fileID: 4387301254824980, guid: 8670cf86c24234bf391820e408de6d24, type: 3}
      propertyPath: m_LocalPosition.y
      value: 2.5
      objectReference: {fileID: 0}
    - target: {fileID: 4387301254824980, guid: 8670cf86c24234bf391820e408de6d24, type: 3}
      propertyPath: m_LocalPosition.z
      value: 0
      objectReference: {fileID: 0}
    - target: {fileID: 4387301254824980, guid: 8670cf86c24234bf391820e408de6d24, type: 3}
      propertyPath: m_LocalRotation.w
      value: 1
      objectReference: {fileID: 0}
    - target: {fileID: 4387301254824980, guid: 8670cf86c24234bf391820e408de6d24, type: 3}
      propertyPath: m_LocalRotation.x
      value: -0
      objectReference: {fileID: 0}
    - target: {fileID: 4387301254824980, guid: 8670cf86c24234bf391820e408de6d24, type: 3}
      propertyPath: m_LocalRotation.y
      value: -0
      objectReference: {fileID: 0}
    - target: {fileID: 4387301254824980, guid: 8670cf86c24234bf391820e408de6d24, type: 3}
      propertyPath: m_LocalRotation.z
      value: -0
      objectReference: {fileID: 0}
    - target: {fileID: 4387301254824980, guid: 8670cf86c24234bf391820e408de6d24, type: 3}
      propertyPath: m_LocalEulerAnglesHint.x
      value: 0
      objectReference: {fileID: 0}
    - target: {fileID: 4387301254824980, guid: 8670cf86c24234bf391820e408de6d24, type: 3}
      propertyPath: m_LocalEulerAnglesHint.y
      value: 0
      objectReference: {fileID: 0}
    - target: {fileID: 4387301254824980, guid: 8670cf86c24234bf391820e408de6d24, type: 3}
      propertyPath: m_LocalEulerAnglesHint.z
      value: 0
      objectReference: {fileID: 0}
    - target: {fileID: 61477104421331976, guid: 8670cf86c24234bf391820e408de6d24,
        type: 3}
      propertyPath: m_Size.x
      value: 0.75
      objectReference: {fileID: 0}
    - target: {fileID: 61477104421331976, guid: 8670cf86c24234bf391820e408de6d24,
        type: 3}
      propertyPath: m_Size.y
      value: 0.75
      objectReference: {fileID: 0}
    - target: {fileID: 61477104421331976, guid: 8670cf86c24234bf391820e408de6d24,
        type: 3}
      propertyPath: m_SpriteTilingProperty.newSize.x
      value: 10
      objectReference: {fileID: 0}
    - target: {fileID: 61477104421331976, guid: 8670cf86c24234bf391820e408de6d24,
        type: 3}
      propertyPath: m_SpriteTilingProperty.newSize.y
      value: 5
      objectReference: {fileID: 0}
    - target: {fileID: 212926256537594904, guid: 8670cf86c24234bf391820e408de6d24,
        type: 3}
      propertyPath: m_Size.x
      value: 10
      objectReference: {fileID: 0}
    - target: {fileID: 212926256537594904, guid: 8670cf86c24234bf391820e408de6d24,
        type: 3}
      propertyPath: m_Size.y
      value: 5
      objectReference: {fileID: 0}
    - target: {fileID: 1626150754273476976, guid: 8670cf86c24234bf391820e408de6d24,
        type: 3}
      propertyPath: m_Extents.x
      value: 5
      objectReference: {fileID: 0}
    - target: {fileID: 1626150754273476976, guid: 8670cf86c24234bf391820e408de6d24,
        type: 3}
      propertyPath: m_Extents.y
      value: 2.5
      objectReference: {fileID: 0}
    m_RemovedComponents: []
  m_SourcePrefab: {fileID: 100100000, guid: 8670cf86c24234bf391820e408de6d24, type: 3}
--- !u!1001 &8511386280894661917
PrefabInstance:
  m_ObjectHideFlags: 0
  serializedVersion: 2
  m_Modification:
    m_TransformParent: {fileID: 4689243300568366632}
    m_Modifications:
    - target: {fileID: 136082698227566851, guid: 4f3cb50685d304d92a1a7dbfe1219473,
        type: 3}
      propertyPath: m_Sprite
      value: 
      objectReference: {fileID: -656542306599722420, guid: 80ed475ef54fa4ee5a3c397bc5691d9f,
        type: 3}
    - target: {fileID: 857544556734785415, guid: 4f3cb50685d304d92a1a7dbfe1219473,
        type: 3}
      propertyPath: m_Name
      value: glyph
      objectReference: {fileID: 0}
    - target: {fileID: 3924249429087017986, guid: 4f3cb50685d304d92a1a7dbfe1219473,
        type: 3}
      propertyPath: m_RootOrder
      value: 8
      objectReference: {fileID: 0}
    - target: {fileID: 3924249429087017986, guid: 4f3cb50685d304d92a1a7dbfe1219473,
        type: 3}
      propertyPath: m_LocalPosition.x
      value: 0
      objectReference: {fileID: 0}
    - target: {fileID: 3924249429087017986, guid: 4f3cb50685d304d92a1a7dbfe1219473,
        type: 3}
      propertyPath: m_LocalPosition.y
      value: 0
      objectReference: {fileID: 0}
    - target: {fileID: 3924249429087017986, guid: 4f3cb50685d304d92a1a7dbfe1219473,
        type: 3}
      propertyPath: m_LocalPosition.z
      value: 0
      objectReference: {fileID: 0}
    - target: {fileID: 3924249429087017986, guid: 4f3cb50685d304d92a1a7dbfe1219473,
        type: 3}
      propertyPath: m_LocalRotation.w
      value: 1
      objectReference: {fileID: 0}
    - target: {fileID: 3924249429087017986, guid: 4f3cb50685d304d92a1a7dbfe1219473,
        type: 3}
      propertyPath: m_LocalRotation.x
      value: -0
      objectReference: {fileID: 0}
    - target: {fileID: 3924249429087017986, guid: 4f3cb50685d304d92a1a7dbfe1219473,
        type: 3}
      propertyPath: m_LocalRotation.y
      value: -0
      objectReference: {fileID: 0}
    - target: {fileID: 3924249429087017986, guid: 4f3cb50685d304d92a1a7dbfe1219473,
        type: 3}
      propertyPath: m_LocalRotation.z
      value: -0
      objectReference: {fileID: 0}
    - target: {fileID: 3924249429087017986, guid: 4f3cb50685d304d92a1a7dbfe1219473,
        type: 3}
      propertyPath: m_LocalEulerAnglesHint.x
      value: 0
      objectReference: {fileID: 0}
    - target: {fileID: 3924249429087017986, guid: 4f3cb50685d304d92a1a7dbfe1219473,
        type: 3}
      propertyPath: m_LocalEulerAnglesHint.y
      value: 0
      objectReference: {fileID: 0}
    - target: {fileID: 3924249429087017986, guid: 4f3cb50685d304d92a1a7dbfe1219473,
        type: 3}
      propertyPath: m_LocalEulerAnglesHint.z
      value: 0
      objectReference: {fileID: 0}
    - target: {fileID: 7880197855557124833, guid: 4f3cb50685d304d92a1a7dbfe1219473,
        type: 3}
      propertyPath: m_Sprite
      value: 
      objectReference: {fileID: 7618965428202536921, guid: abf1c85880cc04df791227a38a50fd25,
        type: 3}
    m_RemovedComponents: []
  m_SourcePrefab: {fileID: 100100000, guid: 4f3cb50685d304d92a1a7dbfe1219473, type: 3}
--- !u!1001 &8639090177618242058
PrefabInstance:
  m_ObjectHideFlags: 0
  serializedVersion: 2
  m_Modification:
    m_TransformParent: {fileID: 4689243300568366632}
    m_Modifications:
    - target: {fileID: 136082698227566851, guid: 4f3cb50685d304d92a1a7dbfe1219473,
        type: 3}
      propertyPath: m_Sprite
      value: 
      objectReference: {fileID: -8000214558003904586, guid: 80ed475ef54fa4ee5a3c397bc5691d9f,
        type: 3}
    - target: {fileID: 857544556734785415, guid: 4f3cb50685d304d92a1a7dbfe1219473,
        type: 3}
      propertyPath: m_Name
      value: glyph
      objectReference: {fileID: 0}
    - target: {fileID: 3924249429087017986, guid: 4f3cb50685d304d92a1a7dbfe1219473,
        type: 3}
      propertyPath: m_RootOrder
      value: 7
      objectReference: {fileID: 0}
    - target: {fileID: 3924249429087017986, guid: 4f3cb50685d304d92a1a7dbfe1219473,
        type: 3}
      propertyPath: m_LocalPosition.x
      value: -0.125
      objectReference: {fileID: 0}
    - target: {fileID: 3924249429087017986, guid: 4f3cb50685d304d92a1a7dbfe1219473,
        type: 3}
      propertyPath: m_LocalPosition.y
      value: -0
      objectReference: {fileID: 0}
    - target: {fileID: 3924249429087017986, guid: 4f3cb50685d304d92a1a7dbfe1219473,
        type: 3}
      propertyPath: m_LocalPosition.z
      value: -0
      objectReference: {fileID: 0}
    - target: {fileID: 3924249429087017986, guid: 4f3cb50685d304d92a1a7dbfe1219473,
        type: 3}
      propertyPath: m_LocalRotation.w
      value: 1
      objectReference: {fileID: 0}
    - target: {fileID: 3924249429087017986, guid: 4f3cb50685d304d92a1a7dbfe1219473,
        type: 3}
      propertyPath: m_LocalRotation.x
      value: -0
      objectReference: {fileID: 0}
    - target: {fileID: 3924249429087017986, guid: 4f3cb50685d304d92a1a7dbfe1219473,
        type: 3}
      propertyPath: m_LocalRotation.y
      value: -0
      objectReference: {fileID: 0}
    - target: {fileID: 3924249429087017986, guid: 4f3cb50685d304d92a1a7dbfe1219473,
        type: 3}
      propertyPath: m_LocalRotation.z
      value: -0
      objectReference: {fileID: 0}
    - target: {fileID: 3924249429087017986, guid: 4f3cb50685d304d92a1a7dbfe1219473,
        type: 3}
      propertyPath: m_LocalEulerAnglesHint.x
      value: 0
      objectReference: {fileID: 0}
    - target: {fileID: 3924249429087017986, guid: 4f3cb50685d304d92a1a7dbfe1219473,
        type: 3}
      propertyPath: m_LocalEulerAnglesHint.y
      value: 0
      objectReference: {fileID: 0}
    - target: {fileID: 3924249429087017986, guid: 4f3cb50685d304d92a1a7dbfe1219473,
        type: 3}
      propertyPath: m_LocalEulerAnglesHint.z
      value: 0
      objectReference: {fileID: 0}
    - target: {fileID: 7880197855557124833, guid: 4f3cb50685d304d92a1a7dbfe1219473,
        type: 3}
      propertyPath: m_Sprite
      value: 
      objectReference: {fileID: 2383732555249006914, guid: abf1c85880cc04df791227a38a50fd25,
        type: 3}
    m_RemovedComponents: []
  m_SourcePrefab: {fileID: 100100000, guid: 4f3cb50685d304d92a1a7dbfe1219473, type: 3}
--- !u!1001 &8960922177673847429
PrefabInstance:
  m_ObjectHideFlags: 0
  serializedVersion: 2
  m_Modification:
    m_TransformParent: {fileID: 4689243300568366632}
    m_Modifications:
    - target: {fileID: 136082698227566851, guid: 4f3cb50685d304d92a1a7dbfe1219473,
        type: 3}
      propertyPath: m_Sprite
      value: 
      objectReference: {fileID: -7680622007127664907, guid: 80ed475ef54fa4ee5a3c397bc5691d9f,
        type: 3}
    - target: {fileID: 857544556734785415, guid: 4f3cb50685d304d92a1a7dbfe1219473,
        type: 3}
      propertyPath: m_Name
      value: glyph
      objectReference: {fileID: 0}
    - target: {fileID: 3924249429087017986, guid: 4f3cb50685d304d92a1a7dbfe1219473,
        type: 3}
      propertyPath: m_RootOrder
      value: 9
      objectReference: {fileID: 0}
    - target: {fileID: 3924249429087017986, guid: 4f3cb50685d304d92a1a7dbfe1219473,
        type: 3}
      propertyPath: m_LocalPosition.x
      value: 0.125
      objectReference: {fileID: 0}
    - target: {fileID: 3924249429087017986, guid: 4f3cb50685d304d92a1a7dbfe1219473,
        type: 3}
      propertyPath: m_LocalPosition.y
      value: 0
      objectReference: {fileID: 0}
    - target: {fileID: 3924249429087017986, guid: 4f3cb50685d304d92a1a7dbfe1219473,
        type: 3}
      propertyPath: m_LocalPosition.z
      value: 0
      objectReference: {fileID: 0}
    - target: {fileID: 3924249429087017986, guid: 4f3cb50685d304d92a1a7dbfe1219473,
        type: 3}
      propertyPath: m_LocalRotation.w
      value: 1
      objectReference: {fileID: 0}
    - target: {fileID: 3924249429087017986, guid: 4f3cb50685d304d92a1a7dbfe1219473,
        type: 3}
      propertyPath: m_LocalRotation.x
      value: -0
      objectReference: {fileID: 0}
    - target: {fileID: 3924249429087017986, guid: 4f3cb50685d304d92a1a7dbfe1219473,
        type: 3}
      propertyPath: m_LocalRotation.y
      value: -0
      objectReference: {fileID: 0}
    - target: {fileID: 3924249429087017986, guid: 4f3cb50685d304d92a1a7dbfe1219473,
        type: 3}
      propertyPath: m_LocalRotation.z
      value: -0
      objectReference: {fileID: 0}
    - target: {fileID: 3924249429087017986, guid: 4f3cb50685d304d92a1a7dbfe1219473,
        type: 3}
      propertyPath: m_LocalEulerAnglesHint.x
      value: 0
      objectReference: {fileID: 0}
    - target: {fileID: 3924249429087017986, guid: 4f3cb50685d304d92a1a7dbfe1219473,
        type: 3}
      propertyPath: m_LocalEulerAnglesHint.y
      value: 0
      objectReference: {fileID: 0}
    - target: {fileID: 3924249429087017986, guid: 4f3cb50685d304d92a1a7dbfe1219473,
        type: 3}
      propertyPath: m_LocalEulerAnglesHint.z
      value: 0
      objectReference: {fileID: 0}
    - target: {fileID: 7880197855557124833, guid: 4f3cb50685d304d92a1a7dbfe1219473,
        type: 3}
      propertyPath: m_Sprite
      value: 
      objectReference: {fileID: -3622739904140689030, guid: abf1c85880cc04df791227a38a50fd25,
        type: 3}
    m_RemovedComponents: []
  m_SourcePrefab: {fileID: 100100000, guid: 4f3cb50685d304d92a1a7dbfe1219473, type: 3}
--- !u!1001 &9060439463339213999
PrefabInstance:
  m_ObjectHideFlags: 0
  serializedVersion: 2
  m_Modification:
    m_TransformParent: {fileID: 4689243300568366632}
    m_Modifications:
    - target: {fileID: 136082698227566851, guid: 4f3cb50685d304d92a1a7dbfe1219473,
        type: 3}
      propertyPath: m_Sprite
      value: 
      objectReference: {fileID: 6100775942790107712, guid: 80ed475ef54fa4ee5a3c397bc5691d9f,
        type: 3}
    - target: {fileID: 857544556734785415, guid: 4f3cb50685d304d92a1a7dbfe1219473,
        type: 3}
      propertyPath: m_Name
      value: glyph
      objectReference: {fileID: 0}
    - target: {fileID: 3924249429087017986, guid: 4f3cb50685d304d92a1a7dbfe1219473,
        type: 3}
      propertyPath: m_RootOrder
      value: 12
      objectReference: {fileID: 0}
    - target: {fileID: 3924249429087017986, guid: 4f3cb50685d304d92a1a7dbfe1219473,
        type: 3}
      propertyPath: m_LocalPosition.x
      value: 0.5
      objectReference: {fileID: 0}
    - target: {fileID: 3924249429087017986, guid: 4f3cb50685d304d92a1a7dbfe1219473,
        type: 3}
      propertyPath: m_LocalPosition.y
      value: 0
      objectReference: {fileID: 0}
    - target: {fileID: 3924249429087017986, guid: 4f3cb50685d304d92a1a7dbfe1219473,
        type: 3}
      propertyPath: m_LocalPosition.z
      value: 0
      objectReference: {fileID: 0}
    - target: {fileID: 3924249429087017986, guid: 4f3cb50685d304d92a1a7dbfe1219473,
        type: 3}
      propertyPath: m_LocalRotation.w
      value: 1
      objectReference: {fileID: 0}
    - target: {fileID: 3924249429087017986, guid: 4f3cb50685d304d92a1a7dbfe1219473,
        type: 3}
      propertyPath: m_LocalRotation.x
      value: -0
      objectReference: {fileID: 0}
    - target: {fileID: 3924249429087017986, guid: 4f3cb50685d304d92a1a7dbfe1219473,
        type: 3}
      propertyPath: m_LocalRotation.y
      value: -0
      objectReference: {fileID: 0}
    - target: {fileID: 3924249429087017986, guid: 4f3cb50685d304d92a1a7dbfe1219473,
        type: 3}
      propertyPath: m_LocalRotation.z
      value: -0
      objectReference: {fileID: 0}
    - target: {fileID: 3924249429087017986, guid: 4f3cb50685d304d92a1a7dbfe1219473,
        type: 3}
      propertyPath: m_LocalEulerAnglesHint.x
      value: 0
      objectReference: {fileID: 0}
    - target: {fileID: 3924249429087017986, guid: 4f3cb50685d304d92a1a7dbfe1219473,
        type: 3}
      propertyPath: m_LocalEulerAnglesHint.y
      value: 0
      objectReference: {fileID: 0}
    - target: {fileID: 3924249429087017986, guid: 4f3cb50685d304d92a1a7dbfe1219473,
        type: 3}
      propertyPath: m_LocalEulerAnglesHint.z
      value: 0
      objectReference: {fileID: 0}
    - target: {fileID: 7880197855557124833, guid: 4f3cb50685d304d92a1a7dbfe1219473,
        type: 3}
      propertyPath: m_Sprite
      value: 
      objectReference: {fileID: 1115707717824472232, guid: abf1c85880cc04df791227a38a50fd25,
        type: 3}
    m_RemovedComponents: []
  m_SourcePrefab: {fileID: 100100000, guid: 4f3cb50685d304d92a1a7dbfe1219473, type: 3}
