%YAML 1.1
%TAG !u! tag:unity3d.com,2011:
--- !u!1001 &1332270382905509103
PrefabInstance:
  m_ObjectHideFlags: 0
  serializedVersion: 2
  m_Modification:
    m_TransformParent: {fileID: 3140886541148209376}
    m_Modifications:
    - target: {fileID: 136082698227566851, guid: 4f3cb50685d304d92a1a7dbfe1219473,
        type: 3}
      propertyPath: m_Sprite
      value: 
      objectReference: {fileID: 1227023383824561188, guid: 80ed475ef54fa4ee5a3c397bc5691d9f,
        type: 3}
    - target: {fileID: 857544556734785415, guid: 4f3cb50685d304d92a1a7dbfe1219473,
        type: 3}
      propertyPath: m_Name
      value: glyph
      objectReference: {fileID: 0}
    - target: {fileID: 3924249429087017986, guid: 4f3cb50685d304d92a1a7dbfe1219473,
        type: 3}
      propertyPath: m_RootOrder
      value: 5
      objectReference: {fileID: 0}
    - target: {fileID: 3924249429087017986, guid: 4f3cb50685d304d92a1a7dbfe1219473,
        type: 3}
      propertyPath: m_LocalPosition.x
      value: 0.119999975
      objectReference: {fileID: 0}
    - target: {fileID: 3924249429087017986, guid: 4f3cb50685d304d92a1a7dbfe1219473,
        type: 3}
      propertyPath: m_LocalPosition.y
      value: 0
      objectReference: {fileID: 0}
    - target: {fileID: 3924249429087017986, guid: 4f3cb50685d304d92a1a7dbfe1219473,
        type: 3}
      propertyPath: m_LocalPosition.z
      value: 0
      objectReference: {fileID: 0}
    - target: {fileID: 3924249429087017986, guid: 4f3cb50685d304d92a1a7dbfe1219473,
        type: 3}
      propertyPath: m_LocalRotation.w
      value: 1
      objectReference: {fileID: 0}
    - target: {fileID: 3924249429087017986, guid: 4f3cb50685d304d92a1a7dbfe1219473,
        type: 3}
      propertyPath: m_LocalRotation.x
      value: -0
      objectReference: {fileID: 0}
    - target: {fileID: 3924249429087017986, guid: 4f3cb50685d304d92a1a7dbfe1219473,
        type: 3}
      propertyPath: m_LocalRotation.y
      value: -0
      objectReference: {fileID: 0}
    - target: {fileID: 3924249429087017986, guid: 4f3cb50685d304d92a1a7dbfe1219473,
        type: 3}
      propertyPath: m_LocalRotation.z
      value: -0
      objectReference: {fileID: 0}
    - target: {fileID: 3924249429087017986, guid: 4f3cb50685d304d92a1a7dbfe1219473,
        type: 3}
      propertyPath: m_LocalEulerAnglesHint.x
      value: 0
      objectReference: {fileID: 0}
    - target: {fileID: 3924249429087017986, guid: 4f3cb50685d304d92a1a7dbfe1219473,
        type: 3}
      propertyPath: m_LocalEulerAnglesHint.y
      value: 0
      objectReference: {fileID: 0}
    - target: {fileID: 3924249429087017986, guid: 4f3cb50685d304d92a1a7dbfe1219473,
        type: 3}
      propertyPath: m_LocalEulerAnglesHint.z
      value: 0
      objectReference: {fileID: 0}
    - target: {fileID: 7175203395040943552, guid: 4f3cb50685d304d92a1a7dbfe1219473,
        type: 3}
      propertyPath: m_Size.x
      value: 0.25
      objectReference: {fileID: 0}
    - target: {fileID: 7175203395040943552, guid: 4f3cb50685d304d92a1a7dbfe1219473,
        type: 3}
      propertyPath: m_Size.y
      value: 0.25
      objectReference: {fileID: 0}
    - target: {fileID: 7880197855557124833, guid: 4f3cb50685d304d92a1a7dbfe1219473,
        type: 3}
      propertyPath: m_Sprite
      value: 
      objectReference: {fileID: -8991614334833727782, guid: abf1c85880cc04df791227a38a50fd25,
        type: 3}
    m_RemovedComponents: []
  m_SourcePrefab: {fileID: 100100000, guid: 4f3cb50685d304d92a1a7dbfe1219473, type: 3}
--- !u!1001 &1551561637495249399
PrefabInstance:
  m_ObjectHideFlags: 0
  serializedVersion: 2
  m_Modification:
    m_TransformParent: {fileID: 7655081966600985652}
    m_Modifications:
    - target: {fileID: 1049093956366660, guid: 8670cf86c24234bf391820e408de6d24, type: 3}
      propertyPath: m_Name
      value: floor (6)
      objectReference: {fileID: 0}
    - target: {fileID: 4387301254824980, guid: 8670cf86c24234bf391820e408de6d24, type: 3}
      propertyPath: m_RootOrder
      value: 8
      objectReference: {fileID: 0}
    - target: {fileID: 4387301254824980, guid: 8670cf86c24234bf391820e408de6d24, type: 3}
      propertyPath: m_LocalPosition.x
      value: 2.75
      objectReference: {fileID: 0}
    - target: {fileID: 4387301254824980, guid: 8670cf86c24234bf391820e408de6d24, type: 3}
      propertyPath: m_LocalPosition.y
      value: 6.75
      objectReference: {fileID: 0}
    - target: {fileID: 4387301254824980, guid: 8670cf86c24234bf391820e408de6d24, type: 3}
      propertyPath: m_LocalPosition.z
      value: 0
      objectReference: {fileID: 0}
    - target: {fileID: 4387301254824980, guid: 8670cf86c24234bf391820e408de6d24, type: 3}
      propertyPath: m_LocalRotation.w
      value: 1
      objectReference: {fileID: 0}
    - target: {fileID: 4387301254824980, guid: 8670cf86c24234bf391820e408de6d24, type: 3}
      propertyPath: m_LocalRotation.x
      value: -0
      objectReference: {fileID: 0}
    - target: {fileID: 4387301254824980, guid: 8670cf86c24234bf391820e408de6d24, type: 3}
      propertyPath: m_LocalRotation.y
      value: -0
      objectReference: {fileID: 0}
    - target: {fileID: 4387301254824980, guid: 8670cf86c24234bf391820e408de6d24, type: 3}
      propertyPath: m_LocalRotation.z
      value: -0
      objectReference: {fileID: 0}
    - target: {fileID: 4387301254824980, guid: 8670cf86c24234bf391820e408de6d24, type: 3}
      propertyPath: m_LocalEulerAnglesHint.x
      value: 0
      objectReference: {fileID: 0}
    - target: {fileID: 4387301254824980, guid: 8670cf86c24234bf391820e408de6d24, type: 3}
      propertyPath: m_LocalEulerAnglesHint.y
      value: 0
      objectReference: {fileID: 0}
    - target: {fileID: 4387301254824980, guid: 8670cf86c24234bf391820e408de6d24, type: 3}
      propertyPath: m_LocalEulerAnglesHint.z
      value: 0
      objectReference: {fileID: 0}
    - target: {fileID: 61477104421331976, guid: 8670cf86c24234bf391820e408de6d24,
        type: 3}
      propertyPath: m_Size.x
      value: 0.75
      objectReference: {fileID: 0}
    - target: {fileID: 61477104421331976, guid: 8670cf86c24234bf391820e408de6d24,
        type: 3}
      propertyPath: m_Size.y
      value: 0.75
      objectReference: {fileID: 0}
    - target: {fileID: 61477104421331976, guid: 8670cf86c24234bf391820e408de6d24,
        type: 3}
      propertyPath: m_SpriteTilingProperty.newSize.x
      value: 1.5
      objectReference: {fileID: 0}
    - target: {fileID: 212926256537594904, guid: 8670cf86c24234bf391820e408de6d24,
        type: 3}
      propertyPath: m_Size.x
      value: 1.5
      objectReference: {fileID: 0}
    - target: {fileID: 1626150754273476976, guid: 8670cf86c24234bf391820e408de6d24,
        type: 3}
      propertyPath: m_Extents.x
      value: 0.75
      objectReference: {fileID: 0}
    m_RemovedComponents: []
  m_SourcePrefab: {fileID: 100100000, guid: 8670cf86c24234bf391820e408de6d24, type: 3}
--- !u!1001 &1637458412255276533
PrefabInstance:
  m_ObjectHideFlags: 0
  serializedVersion: 2
  m_Modification:
    m_TransformParent: {fileID: 7655081966600985652}
    m_Modifications:
    - target: {fileID: 1001085200693856357, guid: 0376c36a6904b441bb01fc152697e3e5,
        type: 3}
      propertyPath: m_Size.x
      value: 0.5
      objectReference: {fileID: 0}
    - target: {fileID: 1001085200693856357, guid: 0376c36a6904b441bb01fc152697e3e5,
        type: 3}
      propertyPath: m_Size.y
      value: 0.5
      objectReference: {fileID: 0}
    - target: {fileID: 1001085200693856666, guid: 0376c36a6904b441bb01fc152697e3e5,
        type: 3}
      propertyPath: m_Center.x
      value: 0
      objectReference: {fileID: 0}
    - target: {fileID: 1001085200693856666, guid: 0376c36a6904b441bb01fc152697e3e5,
        type: 3}
      propertyPath: m_Center.y
      value: 0
      objectReference: {fileID: 0}
    - target: {fileID: 1001085200711817300, guid: 0376c36a6904b441bb01fc152697e3e5,
        type: 3}
      propertyPath: m_Size.x
      value: 0.5
      objectReference: {fileID: 0}
    - target: {fileID: 1001085200711817300, guid: 0376c36a6904b441bb01fc152697e3e5,
        type: 3}
      propertyPath: m_Size.y
      value: 0.5
      objectReference: {fileID: 0}
    - target: {fileID: 1001085200711817643, guid: 0376c36a6904b441bb01fc152697e3e5,
        type: 3}
      propertyPath: m_Center.x
      value: 0
      objectReference: {fileID: 0}
    - target: {fileID: 1001085200711817643, guid: 0376c36a6904b441bb01fc152697e3e5,
        type: 3}
      propertyPath: m_Center.y
      value: 0
      objectReference: {fileID: 0}
    - target: {fileID: 3615708565415036198, guid: 0376c36a6904b441bb01fc152697e3e5,
        type: 3}
      propertyPath: m_Name
      value: crawlspace vertical (1)
      objectReference: {fileID: 0}
    - target: {fileID: 3615708565415036200, guid: 0376c36a6904b441bb01fc152697e3e5,
        type: 3}
      propertyPath: m_RootOrder
      value: 7
      objectReference: {fileID: 0}
    - target: {fileID: 3615708565415036200, guid: 0376c36a6904b441bb01fc152697e3e5,
        type: 3}
      propertyPath: m_LocalPosition.x
      value: 5.5
      objectReference: {fileID: 0}
    - target: {fileID: 3615708565415036200, guid: 0376c36a6904b441bb01fc152697e3e5,
        type: 3}
      propertyPath: m_LocalPosition.y
      value: 0.25
      objectReference: {fileID: 0}
    - target: {fileID: 3615708565415036200, guid: 0376c36a6904b441bb01fc152697e3e5,
        type: 3}
      propertyPath: m_LocalPosition.z
      value: 0
      objectReference: {fileID: 0}
    - target: {fileID: 3615708565415036200, guid: 0376c36a6904b441bb01fc152697e3e5,
        type: 3}
      propertyPath: m_LocalRotation.w
      value: 0.7071068
      objectReference: {fileID: 0}
    - target: {fileID: 3615708565415036200, guid: 0376c36a6904b441bb01fc152697e3e5,
        type: 3}
      propertyPath: m_LocalRotation.x
      value: 0
      objectReference: {fileID: 0}
    - target: {fileID: 3615708565415036200, guid: 0376c36a6904b441bb01fc152697e3e5,
        type: 3}
      propertyPath: m_LocalRotation.y
      value: 0
      objectReference: {fileID: 0}
    - target: {fileID: 3615708565415036200, guid: 0376c36a6904b441bb01fc152697e3e5,
        type: 3}
      propertyPath: m_LocalRotation.z
      value: 0.7071068
      objectReference: {fileID: 0}
    - target: {fileID: 3615708565415036200, guid: 0376c36a6904b441bb01fc152697e3e5,
        type: 3}
      propertyPath: m_LocalEulerAnglesHint.x
      value: 0
      objectReference: {fileID: 0}
    - target: {fileID: 3615708565415036200, guid: 0376c36a6904b441bb01fc152697e3e5,
        type: 3}
      propertyPath: m_LocalEulerAnglesHint.y
      value: 0
      objectReference: {fileID: 0}
    - target: {fileID: 3615708565415036200, guid: 0376c36a6904b441bb01fc152697e3e5,
        type: 3}
      propertyPath: m_LocalEulerAnglesHint.z
      value: 90
      objectReference: {fileID: 0}
    m_RemovedComponents: []
  m_SourcePrefab: {fileID: 100100000, guid: 0376c36a6904b441bb01fc152697e3e5, type: 3}
--- !u!1001 &1770314375615546580
PrefabInstance:
  m_ObjectHideFlags: 0
  serializedVersion: 2
  m_Modification:
    m_TransformParent: {fileID: 7655081966600985652}
    m_Modifications:
    - target: {fileID: 1531869447189520822, guid: 97fd5e00c27064fe3a9891a8484d9074,
        type: 3}
      propertyPath: m_Name
      value: bg wall (5)
      objectReference: {fileID: 0}
    - target: {fileID: 1531869447189520822, guid: 97fd5e00c27064fe3a9891a8484d9074,
        type: 3}
      propertyPath: m_IsActive
      value: 1
      objectReference: {fileID: 0}
    - target: {fileID: 3784639491395550152, guid: 97fd5e00c27064fe3a9891a8484d9074,
        type: 3}
      propertyPath: m_RootOrder
      value: 3
      objectReference: {fileID: 0}
    - target: {fileID: 3784639491395550152, guid: 97fd5e00c27064fe3a9891a8484d9074,
        type: 3}
      propertyPath: m_LocalPosition.x
      value: 2.5
      objectReference: {fileID: 0}
    - target: {fileID: 3784639491395550152, guid: 97fd5e00c27064fe3a9891a8484d9074,
        type: 3}
      propertyPath: m_LocalPosition.y
      value: 2.5
      objectReference: {fileID: 0}
    - target: {fileID: 3784639491395550152, guid: 97fd5e00c27064fe3a9891a8484d9074,
        type: 3}
      propertyPath: m_LocalPosition.z
      value: 0
      objectReference: {fileID: 0}
    - target: {fileID: 3784639491395550152, guid: 97fd5e00c27064fe3a9891a8484d9074,
        type: 3}
      propertyPath: m_LocalRotation.w
      value: 1
      objectReference: {fileID: 0}
    - target: {fileID: 3784639491395550152, guid: 97fd5e00c27064fe3a9891a8484d9074,
        type: 3}
      propertyPath: m_LocalRotation.x
      value: 0
      objectReference: {fileID: 0}
    - target: {fileID: 3784639491395550152, guid: 97fd5e00c27064fe3a9891a8484d9074,
        type: 3}
      propertyPath: m_LocalRotation.y
      value: 0
      objectReference: {fileID: 0}
    - target: {fileID: 3784639491395550152, guid: 97fd5e00c27064fe3a9891a8484d9074,
        type: 3}
      propertyPath: m_LocalRotation.z
      value: 0
      objectReference: {fileID: 0}
    - target: {fileID: 3784639491395550152, guid: 97fd5e00c27064fe3a9891a8484d9074,
        type: 3}
      propertyPath: m_LocalEulerAnglesHint.x
      value: 0
      objectReference: {fileID: 0}
    - target: {fileID: 3784639491395550152, guid: 97fd5e00c27064fe3a9891a8484d9074,
        type: 3}
      propertyPath: m_LocalEulerAnglesHint.y
      value: 0
      objectReference: {fileID: 0}
    - target: {fileID: 3784639491395550152, guid: 97fd5e00c27064fe3a9891a8484d9074,
        type: 3}
      propertyPath: m_LocalEulerAnglesHint.z
      value: 0
      objectReference: {fileID: 0}
    - target: {fileID: 4654359712525082122, guid: 97fd5e00c27064fe3a9891a8484d9074,
        type: 3}
      propertyPath: m_Size.x
      value: 5
      objectReference: {fileID: 0}
    m_RemovedComponents: []
  m_SourcePrefab: {fileID: 100100000, guid: 97fd5e00c27064fe3a9891a8484d9074, type: 3}
--- !u!1001 &2615443554493278292
PrefabInstance:
  m_ObjectHideFlags: 0
  serializedVersion: 2
  m_Modification:
    m_TransformParent: {fileID: 3140886541148209376}
    m_Modifications:
    - target: {fileID: 136082698227566851, guid: 4f3cb50685d304d92a1a7dbfe1219473,
        type: 3}
      propertyPath: m_Sprite
      value: 
      objectReference: {fileID: -3348070807914769268, guid: 80ed475ef54fa4ee5a3c397bc5691d9f,
        type: 3}
    - target: {fileID: 857544556734785415, guid: 4f3cb50685d304d92a1a7dbfe1219473,
        type: 3}
      propertyPath: m_Name
      value: glyph
      objectReference: {fileID: 0}
    - target: {fileID: 3924249429087017986, guid: 4f3cb50685d304d92a1a7dbfe1219473,
        type: 3}
      propertyPath: m_RootOrder
      value: 7
      objectReference: {fileID: 0}
    - target: {fileID: 3924249429087017986, guid: 4f3cb50685d304d92a1a7dbfe1219473,
        type: 3}
      propertyPath: m_LocalPosition.x
      value: 0.35999998
      objectReference: {fileID: 0}
    - target: {fileID: 3924249429087017986, guid: 4f3cb50685d304d92a1a7dbfe1219473,
        type: 3}
      propertyPath: m_LocalPosition.y
      value: 0
      objectReference: {fileID: 0}
    - target: {fileID: 3924249429087017986, guid: 4f3cb50685d304d92a1a7dbfe1219473,
        type: 3}
      propertyPath: m_LocalPosition.z
      value: 0
      objectReference: {fileID: 0}
    - target: {fileID: 3924249429087017986, guid: 4f3cb50685d304d92a1a7dbfe1219473,
        type: 3}
      propertyPath: m_LocalRotation.w
      value: 1
      objectReference: {fileID: 0}
    - target: {fileID: 3924249429087017986, guid: 4f3cb50685d304d92a1a7dbfe1219473,
        type: 3}
      propertyPath: m_LocalRotation.x
      value: -0
      objectReference: {fileID: 0}
    - target: {fileID: 3924249429087017986, guid: 4f3cb50685d304d92a1a7dbfe1219473,
        type: 3}
      propertyPath: m_LocalRotation.y
      value: -0
      objectReference: {fileID: 0}
    - target: {fileID: 3924249429087017986, guid: 4f3cb50685d304d92a1a7dbfe1219473,
        type: 3}
      propertyPath: m_LocalRotation.z
      value: -0
      objectReference: {fileID: 0}
    - target: {fileID: 3924249429087017986, guid: 4f3cb50685d304d92a1a7dbfe1219473,
        type: 3}
      propertyPath: m_LocalEulerAnglesHint.x
      value: 0
      objectReference: {fileID: 0}
    - target: {fileID: 3924249429087017986, guid: 4f3cb50685d304d92a1a7dbfe1219473,
        type: 3}
      propertyPath: m_LocalEulerAnglesHint.y
      value: 0
      objectReference: {fileID: 0}
    - target: {fileID: 3924249429087017986, guid: 4f3cb50685d304d92a1a7dbfe1219473,
        type: 3}
      propertyPath: m_LocalEulerAnglesHint.z
      value: 0
      objectReference: {fileID: 0}
    - target: {fileID: 7175203395040943552, guid: 4f3cb50685d304d92a1a7dbfe1219473,
        type: 3}
      propertyPath: m_Size.x
      value: 0.25
      objectReference: {fileID: 0}
    - target: {fileID: 7175203395040943552, guid: 4f3cb50685d304d92a1a7dbfe1219473,
        type: 3}
      propertyPath: m_Size.y
      value: 0.25
      objectReference: {fileID: 0}
    - target: {fileID: 7880197855557124833, guid: 4f3cb50685d304d92a1a7dbfe1219473,
        type: 3}
      propertyPath: m_Sprite
      value: 
      objectReference: {fileID: 3134310310974043849, guid: abf1c85880cc04df791227a38a50fd25,
        type: 3}
    m_RemovedComponents: []
  m_SourcePrefab: {fileID: 100100000, guid: 4f3cb50685d304d92a1a7dbfe1219473, type: 3}
--- !u!1001 &2675689748544815309
PrefabInstance:
  m_ObjectHideFlags: 0
  serializedVersion: 2
  m_Modification:
    m_TransformParent: {fileID: 3140886541148209376}
    m_Modifications:
    - target: {fileID: 136082698227566851, guid: 4f3cb50685d304d92a1a7dbfe1219473,
        type: 3}
      propertyPath: m_Sprite
      value: 
      objectReference: {fileID: -5312299742121032250, guid: 80ed475ef54fa4ee5a3c397bc5691d9f,
        type: 3}
    - target: {fileID: 857544556734785415, guid: 4f3cb50685d304d92a1a7dbfe1219473,
        type: 3}
      propertyPath: m_Name
      value: glyph
      objectReference: {fileID: 0}
    - target: {fileID: 3924249429087017986, guid: 4f3cb50685d304d92a1a7dbfe1219473,
        type: 3}
      propertyPath: m_RootOrder
      value: 6
      objectReference: {fileID: 0}
    - target: {fileID: 3924249429087017986, guid: 4f3cb50685d304d92a1a7dbfe1219473,
        type: 3}
      propertyPath: m_LocalPosition.x
      value: 0.23999998
      objectReference: {fileID: 0}
    - target: {fileID: 3924249429087017986, guid: 4f3cb50685d304d92a1a7dbfe1219473,
        type: 3}
      propertyPath: m_LocalPosition.y
      value: 0
      objectReference: {fileID: 0}
    - target: {fileID: 3924249429087017986, guid: 4f3cb50685d304d92a1a7dbfe1219473,
        type: 3}
      propertyPath: m_LocalPosition.z
      value: 0
      objectReference: {fileID: 0}
    - target: {fileID: 3924249429087017986, guid: 4f3cb50685d304d92a1a7dbfe1219473,
        type: 3}
      propertyPath: m_LocalRotation.w
      value: 1
      objectReference: {fileID: 0}
    - target: {fileID: 3924249429087017986, guid: 4f3cb50685d304d92a1a7dbfe1219473,
        type: 3}
      propertyPath: m_LocalRotation.x
      value: -0
      objectReference: {fileID: 0}
    - target: {fileID: 3924249429087017986, guid: 4f3cb50685d304d92a1a7dbfe1219473,
        type: 3}
      propertyPath: m_LocalRotation.y
      value: -0
      objectReference: {fileID: 0}
    - target: {fileID: 3924249429087017986, guid: 4f3cb50685d304d92a1a7dbfe1219473,
        type: 3}
      propertyPath: m_LocalRotation.z
      value: -0
      objectReference: {fileID: 0}
    - target: {fileID: 3924249429087017986, guid: 4f3cb50685d304d92a1a7dbfe1219473,
        type: 3}
      propertyPath: m_LocalEulerAnglesHint.x
      value: 0
      objectReference: {fileID: 0}
    - target: {fileID: 3924249429087017986, guid: 4f3cb50685d304d92a1a7dbfe1219473,
        type: 3}
      propertyPath: m_LocalEulerAnglesHint.y
      value: 0
      objectReference: {fileID: 0}
    - target: {fileID: 3924249429087017986, guid: 4f3cb50685d304d92a1a7dbfe1219473,
        type: 3}
      propertyPath: m_LocalEulerAnglesHint.z
      value: 0
      objectReference: {fileID: 0}
    - target: {fileID: 7175203395040943552, guid: 4f3cb50685d304d92a1a7dbfe1219473,
        type: 3}
      propertyPath: m_Size.x
      value: 0.25
      objectReference: {fileID: 0}
    - target: {fileID: 7175203395040943552, guid: 4f3cb50685d304d92a1a7dbfe1219473,
        type: 3}
      propertyPath: m_Size.y
      value: 0.25
      objectReference: {fileID: 0}
    - target: {fileID: 7880197855557124833, guid: 4f3cb50685d304d92a1a7dbfe1219473,
        type: 3}
      propertyPath: m_Sprite
      value: 
      objectReference: {fileID: 8688309508350788468, guid: abf1c85880cc04df791227a38a50fd25,
        type: 3}
    m_RemovedComponents: []
  m_SourcePrefab: {fileID: 100100000, guid: 4f3cb50685d304d92a1a7dbfe1219473, type: 3}
--- !u!1001 &2822833505402535059
PrefabInstance:
  m_ObjectHideFlags: 0
  serializedVersion: 2
  m_Modification:
    m_TransformParent: {fileID: 3140886541148209376}
    m_Modifications:
    - target: {fileID: 136082698227566851, guid: 4f3cb50685d304d92a1a7dbfe1219473,
        type: 3}
      propertyPath: m_Sprite
      value: 
      objectReference: {fileID: 3039617829440905425, guid: 80ed475ef54fa4ee5a3c397bc5691d9f,
        type: 3}
    - target: {fileID: 857544556734785415, guid: 4f3cb50685d304d92a1a7dbfe1219473,
        type: 3}
      propertyPath: m_Name
      value: glyph
      objectReference: {fileID: 0}
    - target: {fileID: 3924249429087017986, guid: 4f3cb50685d304d92a1a7dbfe1219473,
        type: 3}
      propertyPath: m_RootOrder
      value: 2
      objectReference: {fileID: 0}
    - target: {fileID: 3924249429087017986, guid: 4f3cb50685d304d92a1a7dbfe1219473,
        type: 3}
      propertyPath: m_LocalPosition.x
      value: -0.24
      objectReference: {fileID: 0}
    - target: {fileID: 3924249429087017986, guid: 4f3cb50685d304d92a1a7dbfe1219473,
        type: 3}
      propertyPath: m_LocalPosition.y
      value: -0
      objectReference: {fileID: 0}
    - target: {fileID: 3924249429087017986, guid: 4f3cb50685d304d92a1a7dbfe1219473,
        type: 3}
      propertyPath: m_LocalPosition.z
      value: -0
      objectReference: {fileID: 0}
    - target: {fileID: 3924249429087017986, guid: 4f3cb50685d304d92a1a7dbfe1219473,
        type: 3}
      propertyPath: m_LocalRotation.w
      value: 1
      objectReference: {fileID: 0}
    - target: {fileID: 3924249429087017986, guid: 4f3cb50685d304d92a1a7dbfe1219473,
        type: 3}
      propertyPath: m_LocalRotation.x
      value: -0
      objectReference: {fileID: 0}
    - target: {fileID: 3924249429087017986, guid: 4f3cb50685d304d92a1a7dbfe1219473,
        type: 3}
      propertyPath: m_LocalRotation.y
      value: -0
      objectReference: {fileID: 0}
    - target: {fileID: 3924249429087017986, guid: 4f3cb50685d304d92a1a7dbfe1219473,
        type: 3}
      propertyPath: m_LocalRotation.z
      value: -0
      objectReference: {fileID: 0}
    - target: {fileID: 3924249429087017986, guid: 4f3cb50685d304d92a1a7dbfe1219473,
        type: 3}
      propertyPath: m_LocalEulerAnglesHint.x
      value: 0
      objectReference: {fileID: 0}
    - target: {fileID: 3924249429087017986, guid: 4f3cb50685d304d92a1a7dbfe1219473,
        type: 3}
      propertyPath: m_LocalEulerAnglesHint.y
      value: 0
      objectReference: {fileID: 0}
    - target: {fileID: 3924249429087017986, guid: 4f3cb50685d304d92a1a7dbfe1219473,
        type: 3}
      propertyPath: m_LocalEulerAnglesHint.z
      value: 0
      objectReference: {fileID: 0}
    - target: {fileID: 7175203395040943552, guid: 4f3cb50685d304d92a1a7dbfe1219473,
        type: 3}
      propertyPath: m_Size.x
      value: 0.25
      objectReference: {fileID: 0}
    - target: {fileID: 7175203395040943552, guid: 4f3cb50685d304d92a1a7dbfe1219473,
        type: 3}
      propertyPath: m_Size.y
      value: 0.25
      objectReference: {fileID: 0}
    - target: {fileID: 7880197855557124833, guid: 4f3cb50685d304d92a1a7dbfe1219473,
        type: 3}
      propertyPath: m_Sprite
      value: 
      objectReference: {fileID: -66969292148072666, guid: abf1c85880cc04df791227a38a50fd25,
        type: 3}
    m_RemovedComponents: []
  m_SourcePrefab: {fileID: 100100000, guid: 4f3cb50685d304d92a1a7dbfe1219473, type: 3}
--- !u!1001 &3781287980166627927
PrefabInstance:
  m_ObjectHideFlags: 0
  serializedVersion: 2
  m_Modification:
    m_TransformParent: {fileID: 7655081966600985652}
    m_Modifications:
    - target: {fileID: 1531869447189520822, guid: 97fd5e00c27064fe3a9891a8484d9074,
        type: 3}
      propertyPath: m_Name
      value: bg wall (6)
      objectReference: {fileID: 0}
    - target: {fileID: 3784639491395550152, guid: 97fd5e00c27064fe3a9891a8484d9074,
        type: 3}
      propertyPath: m_RootOrder
      value: 4
      objectReference: {fileID: 0}
    - target: {fileID: 3784639491395550152, guid: 97fd5e00c27064fe3a9891a8484d9074,
        type: 3}
      propertyPath: m_LocalPosition.x
      value: 7.5
      objectReference: {fileID: 0}
    - target: {fileID: 3784639491395550152, guid: 97fd5e00c27064fe3a9891a8484d9074,
        type: 3}
      propertyPath: m_LocalPosition.y
      value: 7.5
      objectReference: {fileID: 0}
    - target: {fileID: 3784639491395550152, guid: 97fd5e00c27064fe3a9891a8484d9074,
        type: 3}
      propertyPath: m_LocalPosition.z
      value: 0
      objectReference: {fileID: 0}
    - target: {fileID: 3784639491395550152, guid: 97fd5e00c27064fe3a9891a8484d9074,
        type: 3}
      propertyPath: m_LocalRotation.w
      value: 1
      objectReference: {fileID: 0}
    - target: {fileID: 3784639491395550152, guid: 97fd5e00c27064fe3a9891a8484d9074,
        type: 3}
      propertyPath: m_LocalRotation.x
      value: 0
      objectReference: {fileID: 0}
    - target: {fileID: 3784639491395550152, guid: 97fd5e00c27064fe3a9891a8484d9074,
        type: 3}
      propertyPath: m_LocalRotation.y
      value: 0
      objectReference: {fileID: 0}
    - target: {fileID: 3784639491395550152, guid: 97fd5e00c27064fe3a9891a8484d9074,
        type: 3}
      propertyPath: m_LocalRotation.z
      value: 0
      objectReference: {fileID: 0}
    - target: {fileID: 3784639491395550152, guid: 97fd5e00c27064fe3a9891a8484d9074,
        type: 3}
      propertyPath: m_LocalEulerAnglesHint.x
      value: 0
      objectReference: {fileID: 0}
    - target: {fileID: 3784639491395550152, guid: 97fd5e00c27064fe3a9891a8484d9074,
        type: 3}
      propertyPath: m_LocalEulerAnglesHint.y
      value: 0
      objectReference: {fileID: 0}
    - target: {fileID: 3784639491395550152, guid: 97fd5e00c27064fe3a9891a8484d9074,
        type: 3}
      propertyPath: m_LocalEulerAnglesHint.z
      value: 0
      objectReference: {fileID: 0}
    - target: {fileID: 4654359712525082122, guid: 97fd5e00c27064fe3a9891a8484d9074,
        type: 3}
      propertyPath: m_Size.x
      value: 5
      objectReference: {fileID: 0}
    m_RemovedComponents: []
  m_SourcePrefab: {fileID: 100100000, guid: 97fd5e00c27064fe3a9891a8484d9074, type: 3}
--- !u!1001 &3933205192783926494
PrefabInstance:
  m_ObjectHideFlags: 0
  serializedVersion: 2
  m_Modification:
    m_TransformParent: {fileID: 7655081966600985652}
    m_Modifications:
    - target: {fileID: 1049093956366660, guid: 8670cf86c24234bf391820e408de6d24, type: 3}
      propertyPath: m_Name
      value: floor (9)
      objectReference: {fileID: 0}
    - target: {fileID: 4387301254824980, guid: 8670cf86c24234bf391820e408de6d24, type: 3}
      propertyPath: m_RootOrder
      value: 11
      objectReference: {fileID: 0}
    - target: {fileID: 4387301254824980, guid: 8670cf86c24234bf391820e408de6d24, type: 3}
      propertyPath: m_LocalPosition.x
      value: 7.5
      objectReference: {fileID: 0}
    - target: {fileID: 4387301254824980, guid: 8670cf86c24234bf391820e408de6d24, type: 3}
      propertyPath: m_LocalPosition.y
      value: 3.5
      objectReference: {fileID: 0}
    - target: {fileID: 4387301254824980, guid: 8670cf86c24234bf391820e408de6d24, type: 3}
      propertyPath: m_LocalPosition.z
      value: 0
      objectReference: {fileID: 0}
    - target: {fileID: 4387301254824980, guid: 8670cf86c24234bf391820e408de6d24, type: 3}
      propertyPath: m_LocalRotation.w
      value: 1
      objectReference: {fileID: 0}
    - target: {fileID: 4387301254824980, guid: 8670cf86c24234bf391820e408de6d24, type: 3}
      propertyPath: m_LocalRotation.x
      value: -0
      objectReference: {fileID: 0}
    - target: {fileID: 4387301254824980, guid: 8670cf86c24234bf391820e408de6d24, type: 3}
      propertyPath: m_LocalRotation.y
      value: -0
      objectReference: {fileID: 0}
    - target: {fileID: 4387301254824980, guid: 8670cf86c24234bf391820e408de6d24, type: 3}
      propertyPath: m_LocalRotation.z
      value: -0
      objectReference: {fileID: 0}
    - target: {fileID: 4387301254824980, guid: 8670cf86c24234bf391820e408de6d24, type: 3}
      propertyPath: m_LocalEulerAnglesHint.x
      value: 0
      objectReference: {fileID: 0}
    - target: {fileID: 4387301254824980, guid: 8670cf86c24234bf391820e408de6d24, type: 3}
      propertyPath: m_LocalEulerAnglesHint.y
      value: 0
      objectReference: {fileID: 0}
    - target: {fileID: 4387301254824980, guid: 8670cf86c24234bf391820e408de6d24, type: 3}
      propertyPath: m_LocalEulerAnglesHint.z
      value: 0
      objectReference: {fileID: 0}
    - target: {fileID: 61477104421331976, guid: 8670cf86c24234bf391820e408de6d24,
        type: 3}
      propertyPath: m_Size.x
      value: 0.75
      objectReference: {fileID: 0}
    - target: {fileID: 61477104421331976, guid: 8670cf86c24234bf391820e408de6d24,
        type: 3}
      propertyPath: m_Size.y
      value: 0.75
      objectReference: {fileID: 0}
    - target: {fileID: 61477104421331976, guid: 8670cf86c24234bf391820e408de6d24,
        type: 3}
      propertyPath: m_SpriteTilingProperty.newSize.x
      value: 1
      objectReference: {fileID: 0}
    - target: {fileID: 61477104421331976, guid: 8670cf86c24234bf391820e408de6d24,
        type: 3}
      propertyPath: m_SpriteTilingProperty.newSize.y
      value: 2
      objectReference: {fileID: 0}
    - target: {fileID: 212926256537594904, guid: 8670cf86c24234bf391820e408de6d24,
        type: 3}
      propertyPath: m_Size.x
      value: 1
      objectReference: {fileID: 0}
    - target: {fileID: 212926256537594904, guid: 8670cf86c24234bf391820e408de6d24,
        type: 3}
      propertyPath: m_Size.y
      value: 2
      objectReference: {fileID: 0}
    - target: {fileID: 1626150754273476976, guid: 8670cf86c24234bf391820e408de6d24,
        type: 3}
      propertyPath: m_Extents.x
      value: 0.5
      objectReference: {fileID: 0}
    - target: {fileID: 1626150754273476976, guid: 8670cf86c24234bf391820e408de6d24,
        type: 3}
      propertyPath: m_Extents.y
      value: 1
      objectReference: {fileID: 0}
    m_RemovedComponents: []
  m_SourcePrefab: {fileID: 100100000, guid: 8670cf86c24234bf391820e408de6d24, type: 3}
--- !u!1001 &4573892684513793424
PrefabInstance:
  m_ObjectHideFlags: 0
  serializedVersion: 2
  m_Modification:
    m_TransformParent: {fileID: 7655081966600985652}
    m_Modifications:
    - target: {fileID: 1049093956366660, guid: 8670cf86c24234bf391820e408de6d24, type: 3}
      propertyPath: m_Name
      value: floor (8)
      objectReference: {fileID: 0}
    - target: {fileID: 4387301254824980, guid: 8670cf86c24234bf391820e408de6d24, type: 3}
      propertyPath: m_RootOrder
      value: 10
      objectReference: {fileID: 0}
    - target: {fileID: 4387301254824980, guid: 8670cf86c24234bf391820e408de6d24, type: 3}
      propertyPath: m_LocalPosition.x
      value: 6
      objectReference: {fileID: 0}
    - target: {fileID: 4387301254824980, guid: 8670cf86c24234bf391820e408de6d24, type: 3}
      propertyPath: m_LocalPosition.y
      value: 2.75
      objectReference: {fileID: 0}
    - target: {fileID: 4387301254824980, guid: 8670cf86c24234bf391820e408de6d24, type: 3}
      propertyPath: m_LocalPosition.z
      value: 0
      objectReference: {fileID: 0}
    - target: {fileID: 4387301254824980, guid: 8670cf86c24234bf391820e408de6d24, type: 3}
      propertyPath: m_LocalRotation.w
      value: 1
      objectReference: {fileID: 0}
    - target: {fileID: 4387301254824980, guid: 8670cf86c24234bf391820e408de6d24, type: 3}
      propertyPath: m_LocalRotation.x
      value: -0
      objectReference: {fileID: 0}
    - target: {fileID: 4387301254824980, guid: 8670cf86c24234bf391820e408de6d24, type: 3}
      propertyPath: m_LocalRotation.y
      value: -0
      objectReference: {fileID: 0}
    - target: {fileID: 4387301254824980, guid: 8670cf86c24234bf391820e408de6d24, type: 3}
      propertyPath: m_LocalRotation.z
      value: -0
      objectReference: {fileID: 0}
    - target: {fileID: 4387301254824980, guid: 8670cf86c24234bf391820e408de6d24, type: 3}
      propertyPath: m_LocalEulerAnglesHint.x
      value: 0
      objectReference: {fileID: 0}
    - target: {fileID: 4387301254824980, guid: 8670cf86c24234bf391820e408de6d24, type: 3}
      propertyPath: m_LocalEulerAnglesHint.y
      value: 0
      objectReference: {fileID: 0}
    - target: {fileID: 4387301254824980, guid: 8670cf86c24234bf391820e408de6d24, type: 3}
      propertyPath: m_LocalEulerAnglesHint.z
      value: 0
      objectReference: {fileID: 0}
    - target: {fileID: 61477104421331976, guid: 8670cf86c24234bf391820e408de6d24,
        type: 3}
      propertyPath: m_Size.x
      value: 0.75
      objectReference: {fileID: 0}
    - target: {fileID: 61477104421331976, guid: 8670cf86c24234bf391820e408de6d24,
        type: 3}
      propertyPath: m_Size.y
      value: 0.75
      objectReference: {fileID: 0}
    - target: {fileID: 61477104421331976, guid: 8670cf86c24234bf391820e408de6d24,
        type: 3}
      propertyPath: m_SpriteTilingProperty.newSize.x
      value: 2
      objectReference: {fileID: 0}
    - target: {fileID: 212926256537594904, guid: 8670cf86c24234bf391820e408de6d24,
        type: 3}
      propertyPath: m_Size.x
      value: 2
      objectReference: {fileID: 0}
    - target: {fileID: 1626150754273476976, guid: 8670cf86c24234bf391820e408de6d24,
        type: 3}
      propertyPath: m_Extents.x
      value: 1
      objectReference: {fileID: 0}
    m_RemovedComponents: []
  m_SourcePrefab: {fileID: 100100000, guid: 8670cf86c24234bf391820e408de6d24, type: 3}
--- !u!1001 &4638960325551728795
PrefabInstance:
  m_ObjectHideFlags: 0
  serializedVersion: 2
  m_Modification:
    m_TransformParent: {fileID: 3140886541148209376}
    m_Modifications:
    - target: {fileID: 136082698227566851, guid: 4f3cb50685d304d92a1a7dbfe1219473,
        type: 3}
      propertyPath: m_Sprite
      value: 
      objectReference: {fileID: 487608782122503253, guid: 80ed475ef54fa4ee5a3c397bc5691d9f,
        type: 3}
    - target: {fileID: 857544556734785415, guid: 4f3cb50685d304d92a1a7dbfe1219473,
        type: 3}
      propertyPath: m_Name
      value: glyph
      objectReference: {fileID: 0}
    - target: {fileID: 3924249429087017986, guid: 4f3cb50685d304d92a1a7dbfe1219473,
        type: 3}
      propertyPath: m_RootOrder
      value: 0
      objectReference: {fileID: 0}
    - target: {fileID: 3924249429087017986, guid: 4f3cb50685d304d92a1a7dbfe1219473,
        type: 3}
      propertyPath: m_LocalPosition.x
      value: -0.48
      objectReference: {fileID: 0}
    - target: {fileID: 3924249429087017986, guid: 4f3cb50685d304d92a1a7dbfe1219473,
        type: 3}
      propertyPath: m_LocalPosition.y
      value: -0
      objectReference: {fileID: 0}
    - target: {fileID: 3924249429087017986, guid: 4f3cb50685d304d92a1a7dbfe1219473,
        type: 3}
      propertyPath: m_LocalPosition.z
      value: -0
      objectReference: {fileID: 0}
    - target: {fileID: 3924249429087017986, guid: 4f3cb50685d304d92a1a7dbfe1219473,
        type: 3}
      propertyPath: m_LocalRotation.w
      value: 1
      objectReference: {fileID: 0}
    - target: {fileID: 3924249429087017986, guid: 4f3cb50685d304d92a1a7dbfe1219473,
        type: 3}
      propertyPath: m_LocalRotation.x
      value: -0
      objectReference: {fileID: 0}
    - target: {fileID: 3924249429087017986, guid: 4f3cb50685d304d92a1a7dbfe1219473,
        type: 3}
      propertyPath: m_LocalRotation.y
      value: -0
      objectReference: {fileID: 0}
    - target: {fileID: 3924249429087017986, guid: 4f3cb50685d304d92a1a7dbfe1219473,
        type: 3}
      propertyPath: m_LocalRotation.z
      value: -0
      objectReference: {fileID: 0}
    - target: {fileID: 3924249429087017986, guid: 4f3cb50685d304d92a1a7dbfe1219473,
        type: 3}
      propertyPath: m_LocalEulerAnglesHint.x
      value: 0
      objectReference: {fileID: 0}
    - target: {fileID: 3924249429087017986, guid: 4f3cb50685d304d92a1a7dbfe1219473,
        type: 3}
      propertyPath: m_LocalEulerAnglesHint.y
      value: 0
      objectReference: {fileID: 0}
    - target: {fileID: 3924249429087017986, guid: 4f3cb50685d304d92a1a7dbfe1219473,
        type: 3}
      propertyPath: m_LocalEulerAnglesHint.z
      value: 0
      objectReference: {fileID: 0}
    - target: {fileID: 7175203395040943552, guid: 4f3cb50685d304d92a1a7dbfe1219473,
        type: 3}
      propertyPath: m_Size.x
      value: 0.25
      objectReference: {fileID: 0}
    - target: {fileID: 7175203395040943552, guid: 4f3cb50685d304d92a1a7dbfe1219473,
        type: 3}
      propertyPath: m_Size.y
      value: 0.25
      objectReference: {fileID: 0}
    - target: {fileID: 7880197855557124833, guid: 4f3cb50685d304d92a1a7dbfe1219473,
        type: 3}
      propertyPath: m_Sprite
      value: 
      objectReference: {fileID: -5171295932897928410, guid: abf1c85880cc04df791227a38a50fd25,
        type: 3}
    m_RemovedComponents: []
  m_SourcePrefab: {fileID: 100100000, guid: 4f3cb50685d304d92a1a7dbfe1219473, type: 3}
--- !u!1001 &5175174226292967688
PrefabInstance:
  m_ObjectHideFlags: 0
  serializedVersion: 2
  m_Modification:
    m_TransformParent: {fileID: 7655081966600985652}
    m_Modifications:
    - target: {fileID: 1049093956366660, guid: 8670cf86c24234bf391820e408de6d24, type: 3}
      propertyPath: m_Name
      value: floor (2)
      objectReference: {fileID: 0}
    - target: {fileID: 4387301254824980, guid: 8670cf86c24234bf391820e408de6d24, type: 3}
      propertyPath: m_RootOrder
      value: 2
      objectReference: {fileID: 0}
    - target: {fileID: 4387301254824980, guid: 8670cf86c24234bf391820e408de6d24, type: 3}
      propertyPath: m_LocalPosition.x
      value: 4.5
      objectReference: {fileID: 0}
    - target: {fileID: 4387301254824980, guid: 8670cf86c24234bf391820e408de6d24, type: 3}
      propertyPath: m_LocalPosition.y
      value: 8
      objectReference: {fileID: 0}
    - target: {fileID: 4387301254824980, guid: 8670cf86c24234bf391820e408de6d24, type: 3}
      propertyPath: m_LocalPosition.z
      value: 0
      objectReference: {fileID: 0}
    - target: {fileID: 4387301254824980, guid: 8670cf86c24234bf391820e408de6d24, type: 3}
      propertyPath: m_LocalRotation.w
      value: 1
      objectReference: {fileID: 0}
    - target: {fileID: 4387301254824980, guid: 8670cf86c24234bf391820e408de6d24, type: 3}
      propertyPath: m_LocalRotation.x
      value: -0
      objectReference: {fileID: 0}
    - target: {fileID: 4387301254824980, guid: 8670cf86c24234bf391820e408de6d24, type: 3}
      propertyPath: m_LocalRotation.y
      value: -0
      objectReference: {fileID: 0}
    - target: {fileID: 4387301254824980, guid: 8670cf86c24234bf391820e408de6d24, type: 3}
      propertyPath: m_LocalRotation.z
      value: -0
      objectReference: {fileID: 0}
    - target: {fileID: 4387301254824980, guid: 8670cf86c24234bf391820e408de6d24, type: 3}
      propertyPath: m_LocalEulerAnglesHint.x
      value: 0
      objectReference: {fileID: 0}
    - target: {fileID: 4387301254824980, guid: 8670cf86c24234bf391820e408de6d24, type: 3}
      propertyPath: m_LocalEulerAnglesHint.y
      value: 0
      objectReference: {fileID: 0}
    - target: {fileID: 4387301254824980, guid: 8670cf86c24234bf391820e408de6d24, type: 3}
      propertyPath: m_LocalEulerAnglesHint.z
      value: 0
      objectReference: {fileID: 0}
    - target: {fileID: 61477104421331976, guid: 8670cf86c24234bf391820e408de6d24,
        type: 3}
      propertyPath: m_Size.x
      value: 0.75
      objectReference: {fileID: 0}
    - target: {fileID: 61477104421331976, guid: 8670cf86c24234bf391820e408de6d24,
        type: 3}
      propertyPath: m_Size.y
      value: 0.75
      objectReference: {fileID: 0}
    - target: {fileID: 61477104421331976, guid: 8670cf86c24234bf391820e408de6d24,
        type: 3}
      propertyPath: m_SpriteTilingProperty.newSize.x
      value: 1
      objectReference: {fileID: 0}
    - target: {fileID: 61477104421331976, guid: 8670cf86c24234bf391820e408de6d24,
        type: 3}
      propertyPath: m_SpriteTilingProperty.newSize.y
      value: 4
      objectReference: {fileID: 0}
    - target: {fileID: 212926256537594904, guid: 8670cf86c24234bf391820e408de6d24,
        type: 3}
      propertyPath: m_Size.x
      value: 1
      objectReference: {fileID: 0}
    - target: {fileID: 212926256537594904, guid: 8670cf86c24234bf391820e408de6d24,
        type: 3}
      propertyPath: m_Size.y
      value: 4
      objectReference: {fileID: 0}
    - target: {fileID: 1626150754273476976, guid: 8670cf86c24234bf391820e408de6d24,
        type: 3}
      propertyPath: m_Extents.x
      value: 0.5
      objectReference: {fileID: 0}
    - target: {fileID: 1626150754273476976, guid: 8670cf86c24234bf391820e408de6d24,
        type: 3}
      propertyPath: m_Extents.y
      value: 2
      objectReference: {fileID: 0}
    m_RemovedComponents: []
  m_SourcePrefab: {fileID: 100100000, guid: 8670cf86c24234bf391820e408de6d24, type: 3}
--- !u!1001 &5655148988176121754
PrefabInstance:
  m_ObjectHideFlags: 0
  serializedVersion: 2
  m_Modification:
    m_TransformParent: {fileID: 3140886541148209376}
    m_Modifications:
    - target: {fileID: 136082698227566851, guid: 4f3cb50685d304d92a1a7dbfe1219473,
        type: 3}
      propertyPath: m_Sprite
      value: 
      objectReference: {fileID: -2781238962329105481, guid: 80ed475ef54fa4ee5a3c397bc5691d9f,
        type: 3}
    - target: {fileID: 857544556734785415, guid: 4f3cb50685d304d92a1a7dbfe1219473,
        type: 3}
      propertyPath: m_Name
      value: glyph
      objectReference: {fileID: 0}
    - target: {fileID: 3924249429087017986, guid: 4f3cb50685d304d92a1a7dbfe1219473,
        type: 3}
      propertyPath: m_RootOrder
      value: 1
      objectReference: {fileID: 0}
    - target: {fileID: 3924249429087017986, guid: 4f3cb50685d304d92a1a7dbfe1219473,
        type: 3}
      propertyPath: m_LocalPosition.x
      value: -0.35999998
      objectReference: {fileID: 0}
    - target: {fileID: 3924249429087017986, guid: 4f3cb50685d304d92a1a7dbfe1219473,
        type: 3}
      propertyPath: m_LocalPosition.y
      value: -0
      objectReference: {fileID: 0}
    - target: {fileID: 3924249429087017986, guid: 4f3cb50685d304d92a1a7dbfe1219473,
        type: 3}
      propertyPath: m_LocalPosition.z
      value: -0
      objectReference: {fileID: 0}
    - target: {fileID: 3924249429087017986, guid: 4f3cb50685d304d92a1a7dbfe1219473,
        type: 3}
      propertyPath: m_LocalRotation.w
      value: 1
      objectReference: {fileID: 0}
    - target: {fileID: 3924249429087017986, guid: 4f3cb50685d304d92a1a7dbfe1219473,
        type: 3}
      propertyPath: m_LocalRotation.x
      value: -0
      objectReference: {fileID: 0}
    - target: {fileID: 3924249429087017986, guid: 4f3cb50685d304d92a1a7dbfe1219473,
        type: 3}
      propertyPath: m_LocalRotation.y
      value: -0
      objectReference: {fileID: 0}
    - target: {fileID: 3924249429087017986, guid: 4f3cb50685d304d92a1a7dbfe1219473,
        type: 3}
      propertyPath: m_LocalRotation.z
      value: -0
      objectReference: {fileID: 0}
    - target: {fileID: 3924249429087017986, guid: 4f3cb50685d304d92a1a7dbfe1219473,
        type: 3}
      propertyPath: m_LocalEulerAnglesHint.x
      value: 0
      objectReference: {fileID: 0}
    - target: {fileID: 3924249429087017986, guid: 4f3cb50685d304d92a1a7dbfe1219473,
        type: 3}
      propertyPath: m_LocalEulerAnglesHint.y
      value: 0
      objectReference: {fileID: 0}
    - target: {fileID: 3924249429087017986, guid: 4f3cb50685d304d92a1a7dbfe1219473,
        type: 3}
      propertyPath: m_LocalEulerAnglesHint.z
      value: 0
      objectReference: {fileID: 0}
    - target: {fileID: 7175203395040943552, guid: 4f3cb50685d304d92a1a7dbfe1219473,
        type: 3}
      propertyPath: m_Size.x
      value: 0.25
      objectReference: {fileID: 0}
    - target: {fileID: 7175203395040943552, guid: 4f3cb50685d304d92a1a7dbfe1219473,
        type: 3}
      propertyPath: m_Size.y
      value: 0.25
      objectReference: {fileID: 0}
    - target: {fileID: 7880197855557124833, guid: 4f3cb50685d304d92a1a7dbfe1219473,
        type: 3}
      propertyPath: m_Sprite
      value: 
      objectReference: {fileID: 6936312320283059713, guid: abf1c85880cc04df791227a38a50fd25,
        type: 3}
    m_RemovedComponents: []
  m_SourcePrefab: {fileID: 100100000, guid: 4f3cb50685d304d92a1a7dbfe1219473, type: 3}
--- !u!1001 &6286999826364711772
PrefabInstance:
  m_ObjectHideFlags: 0
  serializedVersion: 2
  m_Modification:
    m_TransformParent: {fileID: 7655081966600985652}
    m_Modifications:
    - target: {fileID: 1049093956366660, guid: 8670cf86c24234bf391820e408de6d24, type: 3}
      propertyPath: m_Name
      value: floor (5)
      objectReference: {fileID: 0}
    - target: {fileID: 4387301254824980, guid: 8670cf86c24234bf391820e408de6d24, type: 3}
      propertyPath: m_RootOrder
      value: 6
      objectReference: {fileID: 0}
    - target: {fileID: 4387301254824980, guid: 8670cf86c24234bf391820e408de6d24, type: 3}
      propertyPath: m_LocalPosition.x
      value: 8.5
      objectReference: {fileID: 0}
    - target: {fileID: 4387301254824980, guid: 8670cf86c24234bf391820e408de6d24, type: 3}
      propertyPath: m_LocalPosition.y
      value: 4.75
      objectReference: {fileID: 0}
    - target: {fileID: 4387301254824980, guid: 8670cf86c24234bf391820e408de6d24, type: 3}
      propertyPath: m_LocalPosition.z
      value: 0
      objectReference: {fileID: 0}
    - target: {fileID: 4387301254824980, guid: 8670cf86c24234bf391820e408de6d24, type: 3}
      propertyPath: m_LocalRotation.w
      value: 1
      objectReference: {fileID: 0}
    - target: {fileID: 4387301254824980, guid: 8670cf86c24234bf391820e408de6d24, type: 3}
      propertyPath: m_LocalRotation.x
      value: 0
      objectReference: {fileID: 0}
    - target: {fileID: 4387301254824980, guid: 8670cf86c24234bf391820e408de6d24, type: 3}
      propertyPath: m_LocalRotation.y
      value: 0
      objectReference: {fileID: 0}
    - target: {fileID: 4387301254824980, guid: 8670cf86c24234bf391820e408de6d24, type: 3}
      propertyPath: m_LocalRotation.z
      value: 0
      objectReference: {fileID: 0}
    - target: {fileID: 4387301254824980, guid: 8670cf86c24234bf391820e408de6d24, type: 3}
      propertyPath: m_LocalEulerAnglesHint.x
      value: 0
      objectReference: {fileID: 0}
    - target: {fileID: 4387301254824980, guid: 8670cf86c24234bf391820e408de6d24, type: 3}
      propertyPath: m_LocalEulerAnglesHint.y
      value: 0
      objectReference: {fileID: 0}
    - target: {fileID: 4387301254824980, guid: 8670cf86c24234bf391820e408de6d24, type: 3}
      propertyPath: m_LocalEulerAnglesHint.z
      value: 0
      objectReference: {fileID: 0}
    - target: {fileID: 61477104421331976, guid: 8670cf86c24234bf391820e408de6d24,
        type: 3}
      propertyPath: m_Size.x
      value: 0.75
      objectReference: {fileID: 0}
    - target: {fileID: 61477104421331976, guid: 8670cf86c24234bf391820e408de6d24,
        type: 3}
      propertyPath: m_Size.y
      value: 0.75
      objectReference: {fileID: 0}
    - target: {fileID: 61477104421331976, guid: 8670cf86c24234bf391820e408de6d24,
        type: 3}
      propertyPath: m_SpriteTilingProperty.newSize.x
      value: 2
      objectReference: {fileID: 0}
    - target: {fileID: 212926256537594904, guid: 8670cf86c24234bf391820e408de6d24,
        type: 3}
      propertyPath: m_Size.x
      value: 2
      objectReference: {fileID: 0}
    - target: {fileID: 1626150754273476976, guid: 8670cf86c24234bf391820e408de6d24,
        type: 3}
      propertyPath: m_Extents.x
      value: 1
      objectReference: {fileID: 0}
    m_RemovedComponents: []
  m_SourcePrefab: {fileID: 100100000, guid: 8670cf86c24234bf391820e408de6d24, type: 3}
--- !u!1001 &6541990931996152715
PrefabInstance:
  m_ObjectHideFlags: 0
  serializedVersion: 2
  m_Modification:
    m_TransformParent: {fileID: 7655081966600985652}
    m_Modifications:
    - target: {fileID: 1049093956366660, guid: 8670cf86c24234bf391820e408de6d24, type: 3}
      propertyPath: m_Name
      value: floor (10)
      objectReference: {fileID: 0}
    - target: {fileID: 4387301254824980, guid: 8670cf86c24234bf391820e408de6d24, type: 3}
      propertyPath: m_RootOrder
      value: 12
      objectReference: {fileID: 0}
    - target: {fileID: 4387301254824980, guid: 8670cf86c24234bf391820e408de6d24, type: 3}
      propertyPath: m_LocalPosition.x
      value: 8
      objectReference: {fileID: 0}
    - target: {fileID: 4387301254824980, guid: 8670cf86c24234bf391820e408de6d24, type: 3}
      propertyPath: m_LocalPosition.y
      value: 8
      objectReference: {fileID: 0}
    - target: {fileID: 4387301254824980, guid: 8670cf86c24234bf391820e408de6d24, type: 3}
      propertyPath: m_LocalPosition.z
      value: 0
      objectReference: {fileID: 0}
    - target: {fileID: 4387301254824980, guid: 8670cf86c24234bf391820e408de6d24, type: 3}
      propertyPath: m_LocalRotation.w
      value: 1
      objectReference: {fileID: 0}
    - target: {fileID: 4387301254824980, guid: 8670cf86c24234bf391820e408de6d24, type: 3}
      propertyPath: m_LocalRotation.x
      value: -0
      objectReference: {fileID: 0}
    - target: {fileID: 4387301254824980, guid: 8670cf86c24234bf391820e408de6d24, type: 3}
      propertyPath: m_LocalRotation.y
      value: -0
      objectReference: {fileID: 0}
    - target: {fileID: 4387301254824980, guid: 8670cf86c24234bf391820e408de6d24, type: 3}
      propertyPath: m_LocalRotation.z
      value: -0
      objectReference: {fileID: 0}
    - target: {fileID: 4387301254824980, guid: 8670cf86c24234bf391820e408de6d24, type: 3}
      propertyPath: m_LocalEulerAnglesHint.x
      value: 0
      objectReference: {fileID: 0}
    - target: {fileID: 4387301254824980, guid: 8670cf86c24234bf391820e408de6d24, type: 3}
      propertyPath: m_LocalEulerAnglesHint.y
      value: 0
      objectReference: {fileID: 0}
    - target: {fileID: 4387301254824980, guid: 8670cf86c24234bf391820e408de6d24, type: 3}
      propertyPath: m_LocalEulerAnglesHint.z
      value: 0
      objectReference: {fileID: 0}
    - target: {fileID: 61477104421331976, guid: 8670cf86c24234bf391820e408de6d24,
        type: 3}
      propertyPath: m_Size.x
      value: 0.75
      objectReference: {fileID: 0}
    - target: {fileID: 61477104421331976, guid: 8670cf86c24234bf391820e408de6d24,
        type: 3}
      propertyPath: m_Size.y
      value: 0.75
      objectReference: {fileID: 0}
    - target: {fileID: 61477104421331976, guid: 8670cf86c24234bf391820e408de6d24,
        type: 3}
      propertyPath: m_SpriteTilingProperty.newSize.x
      value: 2
      objectReference: {fileID: 0}
    - target: {fileID: 61477104421331976, guid: 8670cf86c24234bf391820e408de6d24,
        type: 3}
      propertyPath: m_SpriteTilingProperty.newSize.y
      value: 2
      objectReference: {fileID: 0}
    - target: {fileID: 212926256537594904, guid: 8670cf86c24234bf391820e408de6d24,
        type: 3}
      propertyPath: m_Size.x
      value: 2
      objectReference: {fileID: 0}
    - target: {fileID: 212926256537594904, guid: 8670cf86c24234bf391820e408de6d24,
        type: 3}
      propertyPath: m_Size.y
      value: 2
      objectReference: {fileID: 0}
    - target: {fileID: 1626150754273476976, guid: 8670cf86c24234bf391820e408de6d24,
        type: 3}
      propertyPath: m_Extents.x
      value: 1
      objectReference: {fileID: 0}
    - target: {fileID: 1626150754273476976, guid: 8670cf86c24234bf391820e408de6d24,
        type: 3}
      propertyPath: m_Extents.y
      value: 1
      objectReference: {fileID: 0}
    m_RemovedComponents: []
  m_SourcePrefab: {fileID: 100100000, guid: 8670cf86c24234bf391820e408de6d24, type: 3}
--- !u!1001 &6643381421850112613
PrefabInstance:
  m_ObjectHideFlags: 0
  serializedVersion: 2
  m_Modification:
    m_TransformParent: {fileID: 7655081966600985652}
    m_Modifications:
    - target: {fileID: 1001085200693856357, guid: 0376c36a6904b441bb01fc152697e3e5,
        type: 3}
      propertyPath: m_Size.x
      value: 0.5
      objectReference: {fileID: 0}
    - target: {fileID: 1001085200693856357, guid: 0376c36a6904b441bb01fc152697e3e5,
        type: 3}
      propertyPath: m_Size.y
      value: 0.5
      objectReference: {fileID: 0}
    - target: {fileID: 1001085200711817300, guid: 0376c36a6904b441bb01fc152697e3e5,
        type: 3}
      propertyPath: m_Size.x
      value: 0.5
      objectReference: {fileID: 0}
    - target: {fileID: 1001085200711817300, guid: 0376c36a6904b441bb01fc152697e3e5,
        type: 3}
      propertyPath: m_Size.y
      value: 0.5
      objectReference: {fileID: 0}
    - target: {fileID: 3615708565415036198, guid: 0376c36a6904b441bb01fc152697e3e5,
        type: 3}
      propertyPath: m_Name
      value: crawlspace vertical (2)
      objectReference: {fileID: 0}
    - target: {fileID: 3615708565415036200, guid: 0376c36a6904b441bb01fc152697e3e5,
        type: 3}
      propertyPath: m_RootOrder
      value: 15
      objectReference: {fileID: 0}
    - target: {fileID: 3615708565415036200, guid: 0376c36a6904b441bb01fc152697e3e5,
        type: 3}
      propertyPath: m_LocalPosition.x
      value: 3.75
      objectReference: {fileID: 0}
    - target: {fileID: 3615708565415036200, guid: 0376c36a6904b441bb01fc152697e3e5,
        type: 3}
      propertyPath: m_LocalPosition.y
      value: 6.5
      objectReference: {fileID: 0}
    - target: {fileID: 3615708565415036200, guid: 0376c36a6904b441bb01fc152697e3e5,
        type: 3}
      propertyPath: m_LocalPosition.z
      value: 0
      objectReference: {fileID: 0}
    - target: {fileID: 3615708565415036200, guid: 0376c36a6904b441bb01fc152697e3e5,
        type: 3}
      propertyPath: m_LocalRotation.w
      value: 1
      objectReference: {fileID: 0}
    - target: {fileID: 3615708565415036200, guid: 0376c36a6904b441bb01fc152697e3e5,
        type: 3}
      propertyPath: m_LocalRotation.x
      value: -0
      objectReference: {fileID: 0}
    - target: {fileID: 3615708565415036200, guid: 0376c36a6904b441bb01fc152697e3e5,
        type: 3}
      propertyPath: m_LocalRotation.y
      value: -0
      objectReference: {fileID: 0}
    - target: {fileID: 3615708565415036200, guid: 0376c36a6904b441bb01fc152697e3e5,
        type: 3}
      propertyPath: m_LocalRotation.z
      value: -0
      objectReference: {fileID: 0}
    - target: {fileID: 3615708565415036200, guid: 0376c36a6904b441bb01fc152697e3e5,
        type: 3}
      propertyPath: m_LocalEulerAnglesHint.x
      value: 0
      objectReference: {fileID: 0}
    - target: {fileID: 3615708565415036200, guid: 0376c36a6904b441bb01fc152697e3e5,
        type: 3}
      propertyPath: m_LocalEulerAnglesHint.y
      value: 0
      objectReference: {fileID: 0}
    - target: {fileID: 3615708565415036200, guid: 0376c36a6904b441bb01fc152697e3e5,
        type: 3}
      propertyPath: m_LocalEulerAnglesHint.z
      value: 0
      objectReference: {fileID: 0}
    m_RemovedComponents: []
  m_SourcePrefab: {fileID: 100100000, guid: 0376c36a6904b441bb01fc152697e3e5, type: 3}
--- !u!1001 &6685450185754415017
PrefabInstance:
  m_ObjectHideFlags: 0
  serializedVersion: 2
  m_Modification:
    m_TransformParent: {fileID: 7655081966600985652}
    m_Modifications:
    - target: {fileID: 1531869447189520822, guid: 97fd5e00c27064fe3a9891a8484d9074,
        type: 3}
      propertyPath: m_Name
      value: bg wall (7)
      objectReference: {fileID: 0}
    - target: {fileID: 1531869447189520822, guid: 97fd5e00c27064fe3a9891a8484d9074,
        type: 3}
      propertyPath: m_IsActive
      value: 1
      objectReference: {fileID: 0}
    - target: {fileID: 3784639491395550152, guid: 97fd5e00c27064fe3a9891a8484d9074,
        type: 3}
      propertyPath: m_RootOrder
      value: 14
      objectReference: {fileID: 0}
    - target: {fileID: 3784639491395550152, guid: 97fd5e00c27064fe3a9891a8484d9074,
        type: 3}
      propertyPath: m_LocalPosition.x
      value: 5
      objectReference: {fileID: 0}
    - target: {fileID: 3784639491395550152, guid: 97fd5e00c27064fe3a9891a8484d9074,
        type: 3}
      propertyPath: m_LocalPosition.y
      value: 4.5
      objectReference: {fileID: 0}
    - target: {fileID: 3784639491395550152, guid: 97fd5e00c27064fe3a9891a8484d9074,
        type: 3}
      propertyPath: m_LocalPosition.z
      value: 0
      objectReference: {fileID: 0}
    - target: {fileID: 3784639491395550152, guid: 97fd5e00c27064fe3a9891a8484d9074,
        type: 3}
      propertyPath: m_LocalRotation.w
      value: 1
      objectReference: {fileID: 0}
    - target: {fileID: 3784639491395550152, guid: 97fd5e00c27064fe3a9891a8484d9074,
        type: 3}
      propertyPath: m_LocalRotation.x
      value: 0
      objectReference: {fileID: 0}
    - target: {fileID: 3784639491395550152, guid: 97fd5e00c27064fe3a9891a8484d9074,
        type: 3}
      propertyPath: m_LocalRotation.y
      value: 0
      objectReference: {fileID: 0}
    - target: {fileID: 3784639491395550152, guid: 97fd5e00c27064fe3a9891a8484d9074,
        type: 3}
      propertyPath: m_LocalRotation.z
      value: 0
      objectReference: {fileID: 0}
    - target: {fileID: 3784639491395550152, guid: 97fd5e00c27064fe3a9891a8484d9074,
        type: 3}
      propertyPath: m_LocalEulerAnglesHint.x
      value: 0
      objectReference: {fileID: 0}
    - target: {fileID: 3784639491395550152, guid: 97fd5e00c27064fe3a9891a8484d9074,
        type: 3}
      propertyPath: m_LocalEulerAnglesHint.y
      value: 0
      objectReference: {fileID: 0}
    - target: {fileID: 3784639491395550152, guid: 97fd5e00c27064fe3a9891a8484d9074,
        type: 3}
      propertyPath: m_LocalEulerAnglesHint.z
      value: 0
      objectReference: {fileID: 0}
    - target: {fileID: 4654359712525082122, guid: 97fd5e00c27064fe3a9891a8484d9074,
        type: 3}
      propertyPath: m_Size.x
      value: 5
      objectReference: {fileID: 0}
    - target: {fileID: 4654359712525082122, guid: 97fd5e00c27064fe3a9891a8484d9074,
        type: 3}
      propertyPath: m_Size.y
      value: 3
      objectReference: {fileID: 0}
    m_RemovedComponents: []
  m_SourcePrefab: {fileID: 100100000, guid: 97fd5e00c27064fe3a9891a8484d9074, type: 3}
--- !u!1001 &7138256126895287288
PrefabInstance:
  m_ObjectHideFlags: 0
  serializedVersion: 2
  m_Modification:
    m_TransformParent: {fileID: 7655081966600985652}
    m_Modifications:
    - target: {fileID: 1049093956366660, guid: 8670cf86c24234bf391820e408de6d24, type: 3}
      propertyPath: m_Name
      value: floor (11)
      objectReference: {fileID: 0}
    - target: {fileID: 4387301254824980, guid: 8670cf86c24234bf391820e408de6d24, type: 3}
      propertyPath: m_RootOrder
      value: 13
      objectReference: {fileID: 0}
    - target: {fileID: 4387301254824980, guid: 8670cf86c24234bf391820e408de6d24, type: 3}
      propertyPath: m_LocalPosition.x
      value: 2
      objectReference: {fileID: 0}
    - target: {fileID: 4387301254824980, guid: 8670cf86c24234bf391820e408de6d24, type: 3}
      propertyPath: m_LocalPosition.y
      value: 2
      objectReference: {fileID: 0}
    - target: {fileID: 4387301254824980, guid: 8670cf86c24234bf391820e408de6d24, type: 3}
      propertyPath: m_LocalPosition.z
      value: 0
      objectReference: {fileID: 0}
    - target: {fileID: 4387301254824980, guid: 8670cf86c24234bf391820e408de6d24, type: 3}
      propertyPath: m_LocalRotation.w
      value: 1
      objectReference: {fileID: 0}
    - target: {fileID: 4387301254824980, guid: 8670cf86c24234bf391820e408de6d24, type: 3}
      propertyPath: m_LocalRotation.x
      value: -0
      objectReference: {fileID: 0}
    - target: {fileID: 4387301254824980, guid: 8670cf86c24234bf391820e408de6d24, type: 3}
      propertyPath: m_LocalRotation.y
      value: -0
      objectReference: {fileID: 0}
    - target: {fileID: 4387301254824980, guid: 8670cf86c24234bf391820e408de6d24, type: 3}
      propertyPath: m_LocalRotation.z
      value: -0
      objectReference: {fileID: 0}
    - target: {fileID: 4387301254824980, guid: 8670cf86c24234bf391820e408de6d24, type: 3}
      propertyPath: m_LocalEulerAnglesHint.x
      value: 0
      objectReference: {fileID: 0}
    - target: {fileID: 4387301254824980, guid: 8670cf86c24234bf391820e408de6d24, type: 3}
      propertyPath: m_LocalEulerAnglesHint.y
      value: 0
      objectReference: {fileID: 0}
    - target: {fileID: 4387301254824980, guid: 8670cf86c24234bf391820e408de6d24, type: 3}
      propertyPath: m_LocalEulerAnglesHint.z
      value: 0
      objectReference: {fileID: 0}
    - target: {fileID: 61477104421331976, guid: 8670cf86c24234bf391820e408de6d24,
        type: 3}
      propertyPath: m_Size.x
      value: 0.75
      objectReference: {fileID: 0}
    - target: {fileID: 61477104421331976, guid: 8670cf86c24234bf391820e408de6d24,
        type: 3}
      propertyPath: m_Size.y
      value: 0.75
      objectReference: {fileID: 0}
    - target: {fileID: 61477104421331976, guid: 8670cf86c24234bf391820e408de6d24,
        type: 3}
      propertyPath: m_SpriteTilingProperty.newSize.x
      value: 2
      objectReference: {fileID: 0}
    - target: {fileID: 61477104421331976, guid: 8670cf86c24234bf391820e408de6d24,
        type: 3}
      propertyPath: m_SpriteTilingProperty.newSize.y
      value: 2
      objectReference: {fileID: 0}
    - target: {fileID: 212926256537594904, guid: 8670cf86c24234bf391820e408de6d24,
        type: 3}
      propertyPath: m_Size.x
      value: 2
      objectReference: {fileID: 0}
    - target: {fileID: 212926256537594904, guid: 8670cf86c24234bf391820e408de6d24,
        type: 3}
      propertyPath: m_Size.y
      value: 2
      objectReference: {fileID: 0}
    - target: {fileID: 1626150754273476976, guid: 8670cf86c24234bf391820e408de6d24,
        type: 3}
      propertyPath: m_Extents.x
      value: 1
      objectReference: {fileID: 0}
    - target: {fileID: 1626150754273476976, guid: 8670cf86c24234bf391820e408de6d24,
        type: 3}
      propertyPath: m_Extents.y
      value: 1
      objectReference: {fileID: 0}
    m_RemovedComponents: []
  m_SourcePrefab: {fileID: 100100000, guid: 8670cf86c24234bf391820e408de6d24, type: 3}
--- !u!1001 &7332066084125339982
PrefabInstance:
  m_ObjectHideFlags: 0
  serializedVersion: 2
  m_Modification:
    m_TransformParent: {fileID: 3140886541148209376}
    m_Modifications:
    - target: {fileID: 136082698227566851, guid: 4f3cb50685d304d92a1a7dbfe1219473,
        type: 3}
      propertyPath: m_Sprite
      value: 
      objectReference: {fileID: -5312299742121032250, guid: 80ed475ef54fa4ee5a3c397bc5691d9f,
        type: 3}
    - target: {fileID: 857544556734785415, guid: 4f3cb50685d304d92a1a7dbfe1219473,
        type: 3}
      propertyPath: m_Name
      value: glyph
      objectReference: {fileID: 0}
    - target: {fileID: 3924249429087017986, guid: 4f3cb50685d304d92a1a7dbfe1219473,
        type: 3}
      propertyPath: m_RootOrder
      value: 4
      objectReference: {fileID: 0}
    - target: {fileID: 3924249429087017986, guid: 4f3cb50685d304d92a1a7dbfe1219473,
        type: 3}
      propertyPath: m_LocalPosition.x
      value: 0
      objectReference: {fileID: 0}
    - target: {fileID: 3924249429087017986, guid: 4f3cb50685d304d92a1a7dbfe1219473,
        type: 3}
      propertyPath: m_LocalPosition.y
      value: 0
      objectReference: {fileID: 0}
    - target: {fileID: 3924249429087017986, guid: 4f3cb50685d304d92a1a7dbfe1219473,
        type: 3}
      propertyPath: m_LocalPosition.z
      value: 0
      objectReference: {fileID: 0}
    - target: {fileID: 3924249429087017986, guid: 4f3cb50685d304d92a1a7dbfe1219473,
        type: 3}
      propertyPath: m_LocalRotation.w
      value: 1
      objectReference: {fileID: 0}
    - target: {fileID: 3924249429087017986, guid: 4f3cb50685d304d92a1a7dbfe1219473,
        type: 3}
      propertyPath: m_LocalRotation.x
      value: -0
      objectReference: {fileID: 0}
    - target: {fileID: 3924249429087017986, guid: 4f3cb50685d304d92a1a7dbfe1219473,
        type: 3}
      propertyPath: m_LocalRotation.y
      value: -0
      objectReference: {fileID: 0}
    - target: {fileID: 3924249429087017986, guid: 4f3cb50685d304d92a1a7dbfe1219473,
        type: 3}
      propertyPath: m_LocalRotation.z
      value: -0
      objectReference: {fileID: 0}
    - target: {fileID: 3924249429087017986, guid: 4f3cb50685d304d92a1a7dbfe1219473,
        type: 3}
      propertyPath: m_LocalEulerAnglesHint.x
      value: 0
      objectReference: {fileID: 0}
    - target: {fileID: 3924249429087017986, guid: 4f3cb50685d304d92a1a7dbfe1219473,
        type: 3}
      propertyPath: m_LocalEulerAnglesHint.y
      value: 0
      objectReference: {fileID: 0}
    - target: {fileID: 3924249429087017986, guid: 4f3cb50685d304d92a1a7dbfe1219473,
        type: 3}
      propertyPath: m_LocalEulerAnglesHint.z
      value: 0
      objectReference: {fileID: 0}
    - target: {fileID: 7175203395040943552, guid: 4f3cb50685d304d92a1a7dbfe1219473,
        type: 3}
      propertyPath: m_Size.x
      value: 0.25
      objectReference: {fileID: 0}
    - target: {fileID: 7175203395040943552, guid: 4f3cb50685d304d92a1a7dbfe1219473,
        type: 3}
      propertyPath: m_Size.y
      value: 0.25
      objectReference: {fileID: 0}
    - target: {fileID: 7880197855557124833, guid: 4f3cb50685d304d92a1a7dbfe1219473,
        type: 3}
      propertyPath: m_Sprite
      value: 
      objectReference: {fileID: 8688309508350788468, guid: abf1c85880cc04df791227a38a50fd25,
        type: 3}
    m_RemovedComponents: []
  m_SourcePrefab: {fileID: 100100000, guid: 4f3cb50685d304d92a1a7dbfe1219473, type: 3}
--- !u!1001 &7439245220152006603
PrefabInstance:
  m_ObjectHideFlags: 0
  serializedVersion: 2
  m_Modification:
    m_TransformParent: {fileID: 7655081966600985652}
    m_Modifications:
    - target: {fileID: 1049093956366660, guid: 8670cf86c24234bf391820e408de6d24, type: 3}
      propertyPath: m_Name
      value: floor (7)
      objectReference: {fileID: 0}
    - target: {fileID: 4387301254824980, guid: 8670cf86c24234bf391820e408de6d24, type: 3}
      propertyPath: m_RootOrder
      value: 9
      objectReference: {fileID: 0}
    - target: {fileID: 4387301254824980, guid: 8670cf86c24234bf391820e408de6d24, type: 3}
      propertyPath: m_LocalPosition.x
      value: 3
      objectReference: {fileID: 0}
    - target: {fileID: 4387301254824980, guid: 8670cf86c24234bf391820e408de6d24, type: 3}
      propertyPath: m_LocalPosition.y
      value: 5.5
      objectReference: {fileID: 0}
    - target: {fileID: 4387301254824980, guid: 8670cf86c24234bf391820e408de6d24, type: 3}
      propertyPath: m_LocalPosition.z
      value: 0
      objectReference: {fileID: 0}
    - target: {fileID: 4387301254824980, guid: 8670cf86c24234bf391820e408de6d24, type: 3}
      propertyPath: m_LocalRotation.w
      value: 1
      objectReference: {fileID: 0}
    - target: {fileID: 4387301254824980, guid: 8670cf86c24234bf391820e408de6d24, type: 3}
      propertyPath: m_LocalRotation.x
      value: -0
      objectReference: {fileID: 0}
    - target: {fileID: 4387301254824980, guid: 8670cf86c24234bf391820e408de6d24, type: 3}
      propertyPath: m_LocalRotation.y
      value: -0
      objectReference: {fileID: 0}
    - target: {fileID: 4387301254824980, guid: 8670cf86c24234bf391820e408de6d24, type: 3}
      propertyPath: m_LocalRotation.z
      value: -0
      objectReference: {fileID: 0}
    - target: {fileID: 4387301254824980, guid: 8670cf86c24234bf391820e408de6d24, type: 3}
      propertyPath: m_LocalEulerAnglesHint.x
      value: 0
      objectReference: {fileID: 0}
    - target: {fileID: 4387301254824980, guid: 8670cf86c24234bf391820e408de6d24, type: 3}
      propertyPath: m_LocalEulerAnglesHint.y
      value: 0
      objectReference: {fileID: 0}
    - target: {fileID: 4387301254824980, guid: 8670cf86c24234bf391820e408de6d24, type: 3}
      propertyPath: m_LocalEulerAnglesHint.z
      value: 0
      objectReference: {fileID: 0}
    - target: {fileID: 61477104421331976, guid: 8670cf86c24234bf391820e408de6d24,
        type: 3}
      propertyPath: m_Size.x
      value: 0.75
      objectReference: {fileID: 0}
    - target: {fileID: 61477104421331976, guid: 8670cf86c24234bf391820e408de6d24,
        type: 3}
      propertyPath: m_Size.y
      value: 0.75
      objectReference: {fileID: 0}
    - target: {fileID: 61477104421331976, guid: 8670cf86c24234bf391820e408de6d24,
        type: 3}
      propertyPath: m_SpriteTilingProperty.newSize.x
      value: 1
      objectReference: {fileID: 0}
    - target: {fileID: 61477104421331976, guid: 8670cf86c24234bf391820e408de6d24,
        type: 3}
      propertyPath: m_SpriteTilingProperty.newSize.y
      value: 2
      objectReference: {fileID: 0}
    - target: {fileID: 212926256537594904, guid: 8670cf86c24234bf391820e408de6d24,
        type: 3}
      propertyPath: m_Size.x
      value: 1
      objectReference: {fileID: 0}
    - target: {fileID: 212926256537594904, guid: 8670cf86c24234bf391820e408de6d24,
        type: 3}
      propertyPath: m_Size.y
      value: 2
      objectReference: {fileID: 0}
    - target: {fileID: 1626150754273476976, guid: 8670cf86c24234bf391820e408de6d24,
        type: 3}
      propertyPath: m_Extents.x
      value: 0.5
      objectReference: {fileID: 0}
    - target: {fileID: 1626150754273476976, guid: 8670cf86c24234bf391820e408de6d24,
        type: 3}
      propertyPath: m_Extents.y
      value: 1
      objectReference: {fileID: 0}
    m_RemovedComponents: []
  m_SourcePrefab: {fileID: 100100000, guid: 8670cf86c24234bf391820e408de6d24, type: 3}
--- !u!1001 &7708658821663425521
PrefabInstance:
  m_ObjectHideFlags: 0
  serializedVersion: 2
  m_Modification:
    m_TransformParent: {fileID: 3140886541148209376}
    m_Modifications:
    - target: {fileID: 136082698227566851, guid: 4f3cb50685d304d92a1a7dbfe1219473,
        type: 3}
      propertyPath: m_Sprite
      value: 
      objectReference: {fileID: -8000214558003904586, guid: 80ed475ef54fa4ee5a3c397bc5691d9f,
        type: 3}
    - target: {fileID: 857544556734785415, guid: 4f3cb50685d304d92a1a7dbfe1219473,
        type: 3}
      propertyPath: m_Name
      value: glyph
      objectReference: {fileID: 0}
    - target: {fileID: 3924249429087017986, guid: 4f3cb50685d304d92a1a7dbfe1219473,
        type: 3}
      propertyPath: m_RootOrder
      value: 3
      objectReference: {fileID: 0}
    - target: {fileID: 3924249429087017986, guid: 4f3cb50685d304d92a1a7dbfe1219473,
        type: 3}
      propertyPath: m_LocalPosition.x
      value: -0.120000005
      objectReference: {fileID: 0}
    - target: {fileID: 3924249429087017986, guid: 4f3cb50685d304d92a1a7dbfe1219473,
        type: 3}
      propertyPath: m_LocalPosition.y
      value: -0
      objectReference: {fileID: 0}
    - target: {fileID: 3924249429087017986, guid: 4f3cb50685d304d92a1a7dbfe1219473,
        type: 3}
      propertyPath: m_LocalPosition.z
      value: -0
      objectReference: {fileID: 0}
    - target: {fileID: 3924249429087017986, guid: 4f3cb50685d304d92a1a7dbfe1219473,
        type: 3}
      propertyPath: m_LocalRotation.w
      value: 1
      objectReference: {fileID: 0}
    - target: {fileID: 3924249429087017986, guid: 4f3cb50685d304d92a1a7dbfe1219473,
        type: 3}
      propertyPath: m_LocalRotation.x
      value: -0
      objectReference: {fileID: 0}
    - target: {fileID: 3924249429087017986, guid: 4f3cb50685d304d92a1a7dbfe1219473,
        type: 3}
      propertyPath: m_LocalRotation.y
      value: -0
      objectReference: {fileID: 0}
    - target: {fileID: 3924249429087017986, guid: 4f3cb50685d304d92a1a7dbfe1219473,
        type: 3}
      propertyPath: m_LocalRotation.z
      value: -0
      objectReference: {fileID: 0}
    - target: {fileID: 3924249429087017986, guid: 4f3cb50685d304d92a1a7dbfe1219473,
        type: 3}
      propertyPath: m_LocalEulerAnglesHint.x
      value: 0
      objectReference: {fileID: 0}
    - target: {fileID: 3924249429087017986, guid: 4f3cb50685d304d92a1a7dbfe1219473,
        type: 3}
      propertyPath: m_LocalEulerAnglesHint.y
      value: 0
      objectReference: {fileID: 0}
    - target: {fileID: 3924249429087017986, guid: 4f3cb50685d304d92a1a7dbfe1219473,
        type: 3}
      propertyPath: m_LocalEulerAnglesHint.z
      value: 0
      objectReference: {fileID: 0}
    - target: {fileID: 7175203395040943552, guid: 4f3cb50685d304d92a1a7dbfe1219473,
        type: 3}
      propertyPath: m_Size.x
      value: 0.25
      objectReference: {fileID: 0}
    - target: {fileID: 7175203395040943552, guid: 4f3cb50685d304d92a1a7dbfe1219473,
        type: 3}
      propertyPath: m_Size.y
      value: 0.25
      objectReference: {fileID: 0}
    - target: {fileID: 7880197855557124833, guid: 4f3cb50685d304d92a1a7dbfe1219473,
        type: 3}
      propertyPath: m_Sprite
      value: 
      objectReference: {fileID: 2383732555249006914, guid: abf1c85880cc04df791227a38a50fd25,
        type: 3}
    m_RemovedComponents: []
  m_SourcePrefab: {fileID: 100100000, guid: 4f3cb50685d304d92a1a7dbfe1219473, type: 3}
--- !u!1001 &7918427375856237359
PrefabInstance:
  m_ObjectHideFlags: 0
  serializedVersion: 2
  m_Modification:
    m_TransformParent: {fileID: 7655081966600985652}
    m_Modifications:
    - target: {fileID: 1049093956366660, guid: 8670cf86c24234bf391820e408de6d24, type: 3}
      propertyPath: m_Name
      value: floor (4)
      objectReference: {fileID: 0}
    - target: {fileID: 4387301254824980, guid: 8670cf86c24234bf391820e408de6d24, type: 3}
      propertyPath: m_RootOrder
      value: 5
      objectReference: {fileID: 0}
    - target: {fileID: 4387301254824980, guid: 8670cf86c24234bf391820e408de6d24, type: 3}
      propertyPath: m_LocalPosition.x
      value: 5.5
      objectReference: {fileID: 0}
    - target: {fileID: 4387301254824980, guid: 8670cf86c24234bf391820e408de6d24, type: 3}
      propertyPath: m_LocalPosition.y
      value: 1.5
      objectReference: {fileID: 0}
    - target: {fileID: 4387301254824980, guid: 8670cf86c24234bf391820e408de6d24, type: 3}
      propertyPath: m_LocalPosition.z
      value: 0
      objectReference: {fileID: 0}
    - target: {fileID: 4387301254824980, guid: 8670cf86c24234bf391820e408de6d24, type: 3}
      propertyPath: m_LocalRotation.w
      value: 1
      objectReference: {fileID: 0}
    - target: {fileID: 4387301254824980, guid: 8670cf86c24234bf391820e408de6d24, type: 3}
      propertyPath: m_LocalRotation.x
      value: 0
      objectReference: {fileID: 0}
    - target: {fileID: 4387301254824980, guid: 8670cf86c24234bf391820e408de6d24, type: 3}
      propertyPath: m_LocalRotation.y
      value: 0
      objectReference: {fileID: 0}
    - target: {fileID: 4387301254824980, guid: 8670cf86c24234bf391820e408de6d24, type: 3}
      propertyPath: m_LocalRotation.z
      value: 0
      objectReference: {fileID: 0}
    - target: {fileID: 4387301254824980, guid: 8670cf86c24234bf391820e408de6d24, type: 3}
      propertyPath: m_LocalEulerAnglesHint.x
      value: 0
      objectReference: {fileID: 0}
    - target: {fileID: 4387301254824980, guid: 8670cf86c24234bf391820e408de6d24, type: 3}
      propertyPath: m_LocalEulerAnglesHint.y
      value: 0
      objectReference: {fileID: 0}
    - target: {fileID: 4387301254824980, guid: 8670cf86c24234bf391820e408de6d24, type: 3}
      propertyPath: m_LocalEulerAnglesHint.z
      value: 0
      objectReference: {fileID: 0}
    - target: {fileID: 61477104421331976, guid: 8670cf86c24234bf391820e408de6d24,
        type: 3}
      propertyPath: m_Size.x
      value: 0.75
      objectReference: {fileID: 0}
    - target: {fileID: 61477104421331976, guid: 8670cf86c24234bf391820e408de6d24,
        type: 3}
      propertyPath: m_Size.y
      value: 0.75
      objectReference: {fileID: 0}
    - target: {fileID: 61477104421331976, guid: 8670cf86c24234bf391820e408de6d24,
        type: 3}
      propertyPath: m_SpriteTilingProperty.newSize.x
      value: 1
      objectReference: {fileID: 0}
    - target: {fileID: 61477104421331976, guid: 8670cf86c24234bf391820e408de6d24,
        type: 3}
      propertyPath: m_SpriteTilingProperty.newSize.y
      value: 2
      objectReference: {fileID: 0}
    - target: {fileID: 212926256537594904, guid: 8670cf86c24234bf391820e408de6d24,
        type: 3}
      propertyPath: m_Size.x
      value: 1
      objectReference: {fileID: 0}
    - target: {fileID: 212926256537594904, guid: 8670cf86c24234bf391820e408de6d24,
        type: 3}
      propertyPath: m_Size.y
      value: 2
      objectReference: {fileID: 0}
    - target: {fileID: 1626150754273476976, guid: 8670cf86c24234bf391820e408de6d24,
        type: 3}
      propertyPath: m_Extents.x
      value: 0.5
      objectReference: {fileID: 0}
    - target: {fileID: 1626150754273476976, guid: 8670cf86c24234bf391820e408de6d24,
        type: 3}
      propertyPath: m_Extents.y
      value: 1
      objectReference: {fileID: 0}
    m_RemovedComponents: []
  m_SourcePrefab: {fileID: 100100000, guid: 8670cf86c24234bf391820e408de6d24, type: 3}
--- !u!1001 &8294666559911621136
PrefabInstance:
  m_ObjectHideFlags: 0
  serializedVersion: 2
  m_Modification:
    m_TransformParent: {fileID: 0}
    m_Modifications:
    - target: {fileID: 437275677996588713, guid: d1864b87248b74381b59748b50dbd186,
        type: 3}
      propertyPath: m_Text
      value: node-5-0
      objectReference: {fileID: 0}
    - target: {fileID: 1054686322908492400, guid: d1864b87248b74381b59748b50dbd186,
        type: 3}
      propertyPath: m_RootOrder
      value: 17
      objectReference: {fileID: 0}
    - target: {fileID: 1301624615008601836, guid: d1864b87248b74381b59748b50dbd186,
        type: 3}
      propertyPath: m_Name
      value: node-5-0
      objectReference: {fileID: 0}
    - target: {fileID: 1810661693476826660, guid: d1864b87248b74381b59748b50dbd186,
        type: 3}
      propertyPath: m_RootOrder
      value: 0
      objectReference: {fileID: 0}
    - target: {fileID: 1810661693476826660, guid: d1864b87248b74381b59748b50dbd186,
        type: 3}
      propertyPath: m_LocalPosition.x
      value: 30
      objectReference: {fileID: 0}
    - target: {fileID: 1810661693476826660, guid: d1864b87248b74381b59748b50dbd186,
        type: 3}
      propertyPath: m_LocalPosition.y
      value: 0
      objectReference: {fileID: 0}
    - target: {fileID: 1810661693476826660, guid: d1864b87248b74381b59748b50dbd186,
        type: 3}
      propertyPath: m_LocalPosition.z
      value: 0
      objectReference: {fileID: 0}
    - target: {fileID: 1810661693476826660, guid: d1864b87248b74381b59748b50dbd186,
        type: 3}
      propertyPath: m_LocalRotation.w
      value: 1
      objectReference: {fileID: 0}
    - target: {fileID: 1810661693476826660, guid: d1864b87248b74381b59748b50dbd186,
        type: 3}
      propertyPath: m_LocalRotation.x
      value: 0
      objectReference: {fileID: 0}
    - target: {fileID: 1810661693476826660, guid: d1864b87248b74381b59748b50dbd186,
        type: 3}
      propertyPath: m_LocalRotation.y
      value: 0
      objectReference: {fileID: 0}
    - target: {fileID: 1810661693476826660, guid: d1864b87248b74381b59748b50dbd186,
        type: 3}
      propertyPath: m_LocalRotation.z
      value: 0
      objectReference: {fileID: 0}
    - target: {fileID: 1810661693476826660, guid: d1864b87248b74381b59748b50dbd186,
        type: 3}
      propertyPath: m_LocalEulerAnglesHint.x
      value: 0
      objectReference: {fileID: 0}
    - target: {fileID: 1810661693476826660, guid: d1864b87248b74381b59748b50dbd186,
        type: 3}
      propertyPath: m_LocalEulerAnglesHint.y
      value: 0
      objectReference: {fileID: 0}
    - target: {fileID: 1810661693476826660, guid: d1864b87248b74381b59748b50dbd186,
        type: 3}
      propertyPath: m_LocalEulerAnglesHint.z
      value: 0
      objectReference: {fileID: 0}
    - target: {fileID: 6379974361363133168, guid: d1864b87248b74381b59748b50dbd186,
        type: 3}
      propertyPath: m_LocalScale.x
      value: 4
      objectReference: {fileID: 0}
    - target: {fileID: 6379974361363133168, guid: d1864b87248b74381b59748b50dbd186,
        type: 3}
      propertyPath: m_LocalScale.y
      value: 4
      objectReference: {fileID: 0}
    - target: {fileID: 6379974361363133168, guid: d1864b87248b74381b59748b50dbd186,
        type: 3}
      propertyPath: m_LocalPosition.x
      value: 5.63
      objectReference: {fileID: 0}
    - target: {fileID: 6379974361363133168, guid: d1864b87248b74381b59748b50dbd186,
        type: 3}
      propertyPath: m_LocalPosition.y
      value: 4.88
      objectReference: {fileID: 0}
    - target: {fileID: 6379974361363133169, guid: d1864b87248b74381b59748b50dbd186,
        type: 3}
      propertyPath: x
      value: 0.96
      objectReference: {fileID: 0}
    - target: {fileID: 6379974361363133169, guid: d1864b87248b74381b59748b50dbd186,
        type: 3}
      propertyPath: text
      value: node-5-0
      objectReference: {fileID: 0}
    - target: {fileID: 6379974361363133171, guid: d1864b87248b74381b59748b50dbd186,
        type: 3}
      propertyPath: m_Size.x
      value: 1
      objectReference: {fileID: 0}
    - target: {fileID: 6379974361363133171, guid: d1864b87248b74381b59748b50dbd186,
        type: 3}
      propertyPath: m_Size.y
      value: 1
      objectReference: {fileID: 0}
    m_RemovedComponents: []
  m_SourcePrefab: {fileID: 100100000, guid: d1864b87248b74381b59748b50dbd186, type: 3}
--- !u!4 &7655081966600985652 stripped
Transform:
  m_CorrespondingSourceObject: {fileID: 1810661693476826660, guid: d1864b87248b74381b59748b50dbd186,
    type: 3}
  m_PrefabInstance: {fileID: 8294666559911621136}
  m_PrefabAsset: {fileID: 0}
--- !u!4 &3140886541148209376 stripped
Transform:
  m_CorrespondingSourceObject: {fileID: 6379974361363133168, guid: d1864b87248b74381b59748b50dbd186,
    type: 3}
  m_PrefabInstance: {fileID: 8294666559911621136}
  m_PrefabAsset: {fileID: 0}
--- !u!1001 &8516765032156577156
PrefabInstance:
  m_ObjectHideFlags: 0
  serializedVersion: 2
  m_Modification:
    m_TransformParent: {fileID: 7655081966600985652}
    m_Modifications:
    - target: {fileID: 1049093956366660, guid: 8670cf86c24234bf391820e408de6d24, type: 3}
      propertyPath: m_Name
      value: floor (1)
      objectReference: {fileID: 0}
    - target: {fileID: 4387301254824980, guid: 8670cf86c24234bf391820e408de6d24, type: 3}
      propertyPath: m_RootOrder
      value: 0
      objectReference: {fileID: 0}
    - target: {fileID: 4387301254824980, guid: 8670cf86c24234bf391820e408de6d24, type: 3}
      propertyPath: m_LocalPosition.x
      value: 1.25
      objectReference: {fileID: 0}
    - target: {fileID: 4387301254824980, guid: 8670cf86c24234bf391820e408de6d24, type: 3}
      propertyPath: m_LocalPosition.y
      value: 4.75
      objectReference: {fileID: 0}
    - target: {fileID: 4387301254824980, guid: 8670cf86c24234bf391820e408de6d24, type: 3}
      propertyPath: m_LocalPosition.z
      value: 0
      objectReference: {fileID: 0}
    - target: {fileID: 4387301254824980, guid: 8670cf86c24234bf391820e408de6d24, type: 3}
      propertyPath: m_LocalRotation.w
      value: 1
      objectReference: {fileID: 0}
    - target: {fileID: 4387301254824980, guid: 8670cf86c24234bf391820e408de6d24, type: 3}
      propertyPath: m_LocalRotation.x
      value: -0
      objectReference: {fileID: 0}
    - target: {fileID: 4387301254824980, guid: 8670cf86c24234bf391820e408de6d24, type: 3}
      propertyPath: m_LocalRotation.y
      value: -0
      objectReference: {fileID: 0}
    - target: {fileID: 4387301254824980, guid: 8670cf86c24234bf391820e408de6d24, type: 3}
      propertyPath: m_LocalRotation.z
      value: -0
      objectReference: {fileID: 0}
    - target: {fileID: 4387301254824980, guid: 8670cf86c24234bf391820e408de6d24, type: 3}
      propertyPath: m_LocalEulerAnglesHint.x
      value: 0
      objectReference: {fileID: 0}
    - target: {fileID: 4387301254824980, guid: 8670cf86c24234bf391820e408de6d24, type: 3}
      propertyPath: m_LocalEulerAnglesHint.y
      value: 0
      objectReference: {fileID: 0}
    - target: {fileID: 4387301254824980, guid: 8670cf86c24234bf391820e408de6d24, type: 3}
      propertyPath: m_LocalEulerAnglesHint.z
      value: 0
      objectReference: {fileID: 0}
    - target: {fileID: 61477104421331976, guid: 8670cf86c24234bf391820e408de6d24,
        type: 3}
      propertyPath: m_Size.x
      value: 0.75
      objectReference: {fileID: 0}
    - target: {fileID: 61477104421331976, guid: 8670cf86c24234bf391820e408de6d24,
        type: 3}
      propertyPath: m_Size.y
      value: 0.75
      objectReference: {fileID: 0}
    - target: {fileID: 61477104421331976, guid: 8670cf86c24234bf391820e408de6d24,
        type: 3}
      propertyPath: m_SpriteTilingProperty.newSize.x
      value: 2.5
      objectReference: {fileID: 0}
    - target: {fileID: 212926256537594904, guid: 8670cf86c24234bf391820e408de6d24,
        type: 3}
      propertyPath: m_Size.x
      value: 2.5
      objectReference: {fileID: 0}
    - target: {fileID: 1626150754273476976, guid: 8670cf86c24234bf391820e408de6d24,
        type: 3}
      propertyPath: m_Extents.x
      value: 1.25
      objectReference: {fileID: 0}
    m_RemovedComponents: []
  m_SourcePrefab: {fileID: 100100000, guid: 8670cf86c24234bf391820e408de6d24, type: 3}
--- !u!1001 &8820765795564433491
PrefabInstance:
  m_ObjectHideFlags: 0
  serializedVersion: 2
  m_Modification:
    m_TransformParent: {fileID: 7655081966600985652}
    m_Modifications:
    - target: {fileID: 1001085200693856357, guid: 483e43b2442b542dcb70f0248fd82f33,
        type: 3}
      propertyPath: m_Size.x
      value: 0.5
      objectReference: {fileID: 0}
    - target: {fileID: 1001085200693856357, guid: 483e43b2442b542dcb70f0248fd82f33,
        type: 3}
      propertyPath: m_Size.y
      value: 0.5
      objectReference: {fileID: 0}
    - target: {fileID: 1001085200693856666, guid: 483e43b2442b542dcb70f0248fd82f33,
        type: 3}
      propertyPath: m_Extents.y
      value: 0.125
      objectReference: {fileID: 0}
    - target: {fileID: 1001085200711817300, guid: 483e43b2442b542dcb70f0248fd82f33,
        type: 3}
      propertyPath: m_Size.x
      value: 0.5
      objectReference: {fileID: 0}
    - target: {fileID: 1001085200711817300, guid: 483e43b2442b542dcb70f0248fd82f33,
        type: 3}
      propertyPath: m_Size.y
      value: 0.5
      objectReference: {fileID: 0}
    - target: {fileID: 1001085200711817643, guid: 483e43b2442b542dcb70f0248fd82f33,
        type: 3}
      propertyPath: m_Extents.y
      value: 0.125
      objectReference: {fileID: 0}
    - target: {fileID: 3615708565415036198, guid: 483e43b2442b542dcb70f0248fd82f33,
        type: 3}
      propertyPath: m_Name
      value: duct vertical 1
      objectReference: {fileID: 0}
    - target: {fileID: 3615708565415036200, guid: 483e43b2442b542dcb70f0248fd82f33,
        type: 3}
      propertyPath: m_RootOrder
      value: 16
      objectReference: {fileID: 0}
    - target: {fileID: 3615708565415036200, guid: 483e43b2442b542dcb70f0248fd82f33,
        type: 3}
      propertyPath: m_LocalPosition.x
      value: 9.75
      objectReference: {fileID: 0}
    - target: {fileID: 3615708565415036200, guid: 483e43b2442b542dcb70f0248fd82f33,
        type: 3}
      propertyPath: m_LocalPosition.y
      value: 4.75
      objectReference: {fileID: 0}
    - target: {fileID: 3615708565415036200, guid: 483e43b2442b542dcb70f0248fd82f33,
        type: 3}
      propertyPath: m_LocalPosition.z
      value: 0
      objectReference: {fileID: 0}
    - target: {fileID: 3615708565415036200, guid: 483e43b2442b542dcb70f0248fd82f33,
        type: 3}
      propertyPath: m_LocalRotation.w
      value: 1
      objectReference: {fileID: 0}
    - target: {fileID: 3615708565415036200, guid: 483e43b2442b542dcb70f0248fd82f33,
        type: 3}
      propertyPath: m_LocalRotation.x
      value: -0
      objectReference: {fileID: 0}
    - target: {fileID: 3615708565415036200, guid: 483e43b2442b542dcb70f0248fd82f33,
        type: 3}
      propertyPath: m_LocalRotation.y
      value: -0
      objectReference: {fileID: 0}
    - target: {fileID: 3615708565415036200, guid: 483e43b2442b542dcb70f0248fd82f33,
        type: 3}
      propertyPath: m_LocalRotation.z
      value: -0
      objectReference: {fileID: 0}
    - target: {fileID: 3615708565415036200, guid: 483e43b2442b542dcb70f0248fd82f33,
        type: 3}
      propertyPath: m_LocalEulerAnglesHint.x
      value: 0
      objectReference: {fileID: 0}
    - target: {fileID: 3615708565415036200, guid: 483e43b2442b542dcb70f0248fd82f33,
        type: 3}
      propertyPath: m_LocalEulerAnglesHint.y
      value: 0
      objectReference: {fileID: 0}
    - target: {fileID: 3615708565415036200, guid: 483e43b2442b542dcb70f0248fd82f33,
        type: 3}
      propertyPath: m_LocalEulerAnglesHint.z
      value: 0
      objectReference: {fileID: 0}
    m_RemovedComponents: []
  m_SourcePrefab: {fileID: 100100000, guid: 483e43b2442b542dcb70f0248fd82f33, type: 3}
