%YAML 1.1
%TAG !u! tag:unity3d.com,2011:
--- !u!1 &262938122667432453
GameObject:
  m_ObjectHideFlags: 0
  m_CorrespondingSourceObject: {fileID: 0}
  m_PrefabInstance: {fileID: 0}
  m_PrefabAsset: {fileID: 0}
  serializedVersion: 6
  m_Component:
  - component: {fileID: 2219795807463922871}
  - component: {fileID: 5711361027739883896}
  - component: {fileID: 7656560807125824574}
  m_Layer: 10
  m_Name: torso
  m_TagString: Untagged
  m_Icon: {fileID: 0}
  m_NavMeshLayer: 0
  m_StaticEditorFlags: 0
  m_IsActive: 1
--- !u!4 &2219795807463922871
Transform:
  m_ObjectHideFlags: 0
  m_CorrespondingSourceObject: {fileID: 0}
  m_PrefabInstance: {fileID: 0}
  m_PrefabAsset: {fileID: 0}
  m_GameObject: {fileID: 262938122667432453}
  m_LocalRotation: {x: -0, y: -0, z: -0, w: 1}
  m_LocalPosition: {x: -0.008, y: 0.123, z: 0}
  m_LocalScale: {x: 1, y: 1, z: 1}
  m_Children:
  - {fileID: 5157482755334612278}
  - {fileID: 2067732970088853673}
  m_Father: {fileID: 5966869218129067507}
  m_RootOrder: 1
  m_LocalEulerAnglesHint: {x: 0, y: 0, z: 0}
--- !u!212 &5711361027739883896
SpriteRenderer:
  m_ObjectHideFlags: 0
  m_CorrespondingSourceObject: {fileID: 0}
  m_PrefabInstance: {fileID: 0}
  m_PrefabAsset: {fileID: 0}
  m_GameObject: {fileID: 262938122667432453}
  m_Enabled: 1
  m_CastShadows: 0
  m_ReceiveShadows: 0
  m_DynamicOccludee: 1
  m_MotionVectors: 1
  m_LightProbeUsage: 1
  m_ReflectionProbeUsage: 1
  m_RayTracingMode: 0
  m_RenderingLayerMask: 1
  m_RendererPriority: 0
  m_Materials:
  - {fileID: 2100000, guid: d905710c44976415991cc7aff39cfb39, type: 2}
  m_StaticBatchInfo:
    firstSubMesh: 0
    subMeshCount: 0
  m_StaticBatchRoot: {fileID: 0}
  m_ProbeAnchor: {fileID: 0}
  m_LightProbeVolumeOverride: {fileID: 0}
  m_ScaleInLightmap: 1
  m_ReceiveGI: 1
  m_PreserveUVs: 0
  m_IgnoreNormalsForChartDetection: 0
  m_ImportantGI: 0
  m_StitchLightmapSeams: 0
  m_SelectedEditorRenderState: 0
  m_MinimumChartSize: 4
  m_AutoUVMaxDistance: 0.5
  m_AutoUVMaxAngle: 89
  m_LightmapParameters: {fileID: 0}
  m_SortingLayerID: 1643776171
  m_SortingLayer: 1
  m_SortingOrder: 1
  m_Sprite: {fileID: 2342428262857147151, guid: 64314a0420c93471b9990c7b9f080a39,
    type: 3}
  m_Color: {r: 1, g: 1, b: 1, a: 1}
  m_FlipX: 0
  m_FlipY: 1
  m_DrawMode: 0
  m_Size: {x: 0.015625, y: 0.015625}
  m_AdaptiveModeThreshold: 0.5
  m_SpriteTileMode: 0
  m_WasSpriteAssigned: 1
  m_MaskInteraction: 0
  m_SpriteSortPoint: 0
--- !u!61 &7656560807125824574
BoxCollider2D:
  m_ObjectHideFlags: 0
  m_CorrespondingSourceObject: {fileID: 0}
  m_PrefabInstance: {fileID: 0}
  m_PrefabAsset: {fileID: 0}
  m_GameObject: {fileID: 262938122667432453}
  m_Enabled: 0
  m_Density: 1
  m_Material: {fileID: 0}
  m_IsTrigger: 0
  m_UsedByEffector: 0
  m_UsedByComposite: 0
  m_Offset: {x: 0, y: 0.25}
  m_SpriteTilingProperty:
    border: {x: 0, y: 0, z: 0, w: 0}
    pivot: {x: 0.5, y: 1}
    oldSize: {x: 0.75, y: 0.5}
    newSize: {x: 0.015625, y: 0.015625}
    adaptiveTilingThreshold: 0.5
    drawMode: 0
    adaptiveTiling: 0
  m_AutoTiling: 0
  serializedVersion: 2
  m_Size: {x: 0.43, y: 0.45}
  m_EdgeRadius: 0
--- !u!1 &1514379045637069676
GameObject:
  m_ObjectHideFlags: 0
  m_CorrespondingSourceObject: {fileID: 0}
  m_PrefabInstance: {fileID: 0}
  m_PrefabAsset: {fileID: 0}
  serializedVersion: 6
  m_Component:
  - component: {fileID: 2067732970088853673}
  - component: {fileID: 6921993122137513479}
  - component: {fileID: 8253781587989853023}
  - component: {fileID: 3151075682933586421}
  m_Layer: 10
  m_Name: turret front (1)
  m_TagString: Untagged
  m_Icon: {fileID: 0}
  m_NavMeshLayer: 0
  m_StaticEditorFlags: 4294967295
  m_IsActive: 1
--- !u!4 &2067732970088853673
Transform:
  m_ObjectHideFlags: 0
  m_CorrespondingSourceObject: {fileID: 0}
  m_PrefabInstance: {fileID: 0}
  m_PrefabAsset: {fileID: 0}
  m_GameObject: {fileID: 1514379045637069676}
  m_LocalRotation: {x: 0, y: 0, z: 0, w: 1}
  m_LocalPosition: {x: 0.383, y: 0.283, z: 0}
  m_LocalScale: {x: 1, y: 1, z: 1}
  m_Children:
  - {fileID: 5627894327733988149}
  - {fileID: 4633432317792327999}
  - {fileID: 1364886108330281215}
  m_Father: {fileID: 2219795807463922871}
  m_RootOrder: 1
  m_LocalEulerAnglesHint: {x: 0, y: 0, z: 0}
--- !u!114 &6921993122137513479
MonoBehaviour:
  m_ObjectHideFlags: 0
  m_CorrespondingSourceObject: {fileID: 0}
  m_PrefabInstance: {fileID: 0}
  m_PrefabAsset: {fileID: 0}
  m_GameObject: {fileID: 1514379045637069676}
  m_Enabled: 1
  m_EditorHideFlags: 0
  m_Script: {fileID: 11500000, guid: 60fbbeebc5bc04194ad70d3b43b11b47, type: 3}
  m_Name: 
  m_EditorClassIdentifier: 
  IgnoreCull: 0
  culled: 0
  TeamFlags: 2
  Instigator: {fileID: 0}
  body: {fileID: 0}
  box: {fileID: 3151075682933586421}
  renderer: {fileID: 0}
  animator: {fileID: 8253781587989853023}
  AutoPopulateLists: 0
  spriteRenderers:
  - {fileID: 6585558033166885534}
  - {fileID: 5481852721358741073}
  - {fileID: 6666731482587928063}
  parentEntity: {fileID: 0}
  UseGravity: 0
  IsStatic: 1
  velocity: {x: 0, y: 0}
  inertia: {x: 0, y: 0}
  overrideVelocity: {x: 0, y: 0}
  carryEntity: {fileID: 0}
  carryConveyorBelt: {fileID: 0}
  conveyorMove: {x: 0, y: 0}
  friction: 0.05
  raylength: 0.01
  raylengthUP: 0.05
  contactSeparation: 0.01
  DownOffset: 0
  HeadOffset: 0.05
  collideRight: 0
  collideLeft: 0
  collideTop: 0
  collideBottom: 0
  EnablePathing: 0
  AgentTypeName: Small
  damageGraceActive: 0
  CanTakeDamage: 0
  DamageThreshold: 1
  ReflectIfBelowThreshold: 0
  Health: 3
  MaxHealth: 5
  soundHit: {fileID: 8300000, guid: c56a0a004771144e4b4d61f17ebb15d2, type: 3}
  flashInterval: 0.05
  flashCount: 5
  ContactDamageDefinition: {fileID: 0}
  CrushDamageDefinition: {fileID: 0}
  EnableDeathSequence: 1
  boomDuration: 2
  boomRadius: 0.5
  boomFadeColor: {r: 0.9926471, g: 0.3533663, b: 0.2627595, a: 1}
  UseGlobalExplosion: 1
  dead: 0
  soundDeath: {fileID: 0}
  SpawnOnDeath:
  - alwaysSpawn: 1
    weight: 0
    prefab: {fileID: 7508246088768755821, guid: 26a3443420e1042b29cca514cf2004c4,
      type: 3}
  EventDeath:
    m_PersistentCalls:
      m_Calls: []
  EventDestroyed:
    m_PersistentCalls:
      m_Calls: []
  CharacterLayer: 0
  AnimatedCharacterParts: []
  AutoFire: 0
  AutoFireDirection: {x: 0, y: 0}
  cannon: {fileID: 5627894327733988149}
  sightRange: 6
  rotspeed: 200
  shotOrigin: {fileID: 6505075185607120814}
  WeaponDefinition: {fileID: 11400000, guid: a8ad658bd78184cb1b60f1ad0e4f28fe, type: 2}
  sightOrigin: {fileID: 1364886108330281215}
  sightPulseInterval: 1
  min: -180
  max: 180
  maxShootAngle: 5
  EnableLead: 0
  EnableAimVariance: 0
  varianceAmount: 1
  varianceflag: 0
  indexedColors: {fileID: 0}
--- !u!95 &8253781587989853023
Animator:
  serializedVersion: 3
  m_ObjectHideFlags: 0
  m_CorrespondingSourceObject: {fileID: 0}
  m_PrefabInstance: {fileID: 0}
  m_PrefabAsset: {fileID: 0}
  m_GameObject: {fileID: 1514379045637069676}
  m_Enabled: 1
  m_Avatar: {fileID: 0}
  m_Controller: {fileID: 9100000, guid: 153fb5d4d459f424eb62f1bdd7d8fb58, type: 2}
  m_CullingMode: 0
  m_UpdateMode: 0
  m_ApplyRootMotion: 0
  m_LinearVelocityBlending: 0
  m_WarningMessage: 
  m_HasTransformHierarchy: 1
  m_AllowConstantClipSamplingOptimization: 1
  m_KeepAnimatorControllerStateOnDisable: 0
--- !u!61 &3151075682933586421
BoxCollider2D:
  m_ObjectHideFlags: 0
  m_CorrespondingSourceObject: {fileID: 0}
  m_PrefabInstance: {fileID: 0}
  m_PrefabAsset: {fileID: 0}
  m_GameObject: {fileID: 1514379045637069676}
  m_Enabled: 1
  m_Density: 1
  m_Material: {fileID: 0}
  m_IsTrigger: 0
  m_UsedByEffector: 0
  m_UsedByComposite: 0
  m_Offset: {x: 0, y: 0}
  m_SpriteTilingProperty:
    border: {x: 0, y: 0, z: 0, w: 0}
    pivot: {x: 0.5, y: 0}
    oldSize: {x: 0.5, y: 0.359375}
    newSize: {x: 0.5, y: 0.359375}
    adaptiveTilingThreshold: 0.5
    drawMode: 0
    adaptiveTiling: 0
  m_AutoTiling: 0
  serializedVersion: 2
  m_Size: {x: 0.25, y: 0.3}
  m_EdgeRadius: 0
--- !u!1 &1771406403850544900
GameObject:
  m_ObjectHideFlags: 0
  m_CorrespondingSourceObject: {fileID: 0}
  m_PrefabInstance: {fileID: 0}
  m_PrefabAsset: {fileID: 0}
  serializedVersion: 6
  m_Component:
  - component: {fileID: 2326721609369753864}
  m_Layer: 10
  m_Name: firepoint
  m_TagString: Untagged
  m_Icon: {fileID: 0}
  m_NavMeshLayer: 0
  m_StaticEditorFlags: 4294967295
  m_IsActive: 1
--- !u!4 &2326721609369753864
Transform:
  m_ObjectHideFlags: 0
  m_CorrespondingSourceObject: {fileID: 0}
  m_PrefabInstance: {fileID: 0}
  m_PrefabAsset: {fileID: 0}
  m_GameObject: {fileID: 1771406403850544900}
  m_LocalRotation: {x: 0, y: 0, z: 0, w: 1}
  m_LocalPosition: {x: 0, y: 0.313, z: 0}
  m_LocalScale: {x: 1, y: 1, z: 1}
  m_Children: []
  m_Father: {fileID: 3038495529873185305}
  m_RootOrder: 0
  m_LocalEulerAnglesHint: {x: 0, y: 0, z: 0}
--- !u!1 &1781825942324677821
GameObject:
  m_ObjectHideFlags: 0
  m_CorrespondingSourceObject: {fileID: 0}
  m_PrefabInstance: {fileID: 0}
  m_PrefabAsset: {fileID: 0}
  serializedVersion: 6
  m_Component:
  - component: {fileID: 3038495529873185305}
  - component: {fileID: 3242324245278880875}
  m_Layer: 10
  m_Name: cannon
  m_TagString: Untagged
  m_Icon: {fileID: 0}
  m_NavMeshLayer: 0
  m_StaticEditorFlags: 0
  m_IsActive: 1
--- !u!4 &3038495529873185305
Transform:
  m_ObjectHideFlags: 0
  m_CorrespondingSourceObject: {fileID: 0}
  m_PrefabInstance: {fileID: 0}
  m_PrefabAsset: {fileID: 0}
  m_GameObject: {fileID: 1781825942324677821}
  m_LocalRotation: {x: 0, y: 0, z: -0.88134474, w: 0.47247383}
  m_LocalPosition: {x: 0, y: 0, z: 0}
  m_LocalScale: {x: 1, y: 1, z: 1}
  m_Children:
  - {fileID: 2326721609369753864}
  - {fileID: 453127712578048844}
  - {fileID: 5838607578225261019}
  m_Father: {fileID: 5157482755334612278}
  m_RootOrder: 0
  m_LocalEulerAnglesHint: {x: 0, y: 0, z: -123.61}
--- !u!212 &3242324245278880875
SpriteRenderer:
  m_ObjectHideFlags: 0
  m_CorrespondingSourceObject: {fileID: 0}
  m_PrefabInstance: {fileID: 0}
  m_PrefabAsset: {fileID: 0}
  m_GameObject: {fileID: 1781825942324677821}
  m_Enabled: 1
  m_CastShadows: 0
  m_ReceiveShadows: 0
  m_DynamicOccludee: 1
  m_MotionVectors: 1
  m_LightProbeUsage: 1
  m_ReflectionProbeUsage: 1
  m_RayTracingMode: 0
  m_RenderingLayerMask: 1
  m_RendererPriority: 0
  m_Materials:
  - {fileID: 2100000, guid: d905710c44976415991cc7aff39cfb39, type: 2}
  m_StaticBatchInfo:
    firstSubMesh: 0
    subMeshCount: 0
  m_StaticBatchRoot: {fileID: 0}
  m_ProbeAnchor: {fileID: 0}
  m_LightProbeVolumeOverride: {fileID: 0}
  m_ScaleInLightmap: 1
  m_ReceiveGI: 1
  m_PreserveUVs: 0
  m_IgnoreNormalsForChartDetection: 0
  m_ImportantGI: 0
  m_StitchLightmapSeams: 1
  m_SelectedEditorRenderState: 0
  m_MinimumChartSize: 4
  m_AutoUVMaxDistance: 0.5
  m_AutoUVMaxAngle: 89
  m_LightmapParameters: {fileID: 0}
  m_SortingLayerID: 1643776171
  m_SortingLayer: 1
  m_SortingOrder: 4
  m_Sprite: {fileID: -3537209902276502839, guid: 64314a0420c93471b9990c7b9f080a39,
    type: 3}
  m_Color: {r: 1, g: 1, b: 1, a: 1}
  m_FlipX: 0
  m_FlipY: 0
  m_DrawMode: 0
  m_Size: {x: 0.671875, y: 0.28125}
  m_AdaptiveModeThreshold: 0.5
  m_SpriteTileMode: 0
  m_WasSpriteAssigned: 1
  m_MaskInteraction: 0
  m_SpriteSortPoint: 0
--- !u!1 &2761826350012922596
GameObject:
  m_ObjectHideFlags: 0
  m_CorrespondingSourceObject: {fileID: 0}
  m_PrefabInstance: {fileID: 0}
  m_PrefabAsset: {fileID: 0}
  serializedVersion: 6
  m_Component:
  - component: {fileID: 4633432317792327999}
  - component: {fileID: 6443120279378512978}
  m_Layer: 10
  m_Name: light
  m_TagString: Untagged
  m_Icon: {fileID: 0}
  m_NavMeshLayer: 0
  m_StaticEditorFlags: 4294967295
  m_IsActive: 0
--- !u!4 &4633432317792327999
Transform:
  m_ObjectHideFlags: 0
  m_CorrespondingSourceObject: {fileID: 0}
  m_PrefabInstance: {fileID: 0}
  m_PrefabAsset: {fileID: 0}
  m_GameObject: {fileID: 2761826350012922596}
  m_LocalRotation: {x: 0, y: 0, z: 0, w: 1}
  m_LocalPosition: {x: 0, y: 0.205, z: -0.1}
  m_LocalScale: {x: 1, y: 1, z: 1}
  m_Children: []
  m_Father: {fileID: 2067732970088853673}
  m_RootOrder: 1
  m_LocalEulerAnglesHint: {x: 0, y: 0, z: 0}
--- !u!114 &6443120279378512978
MonoBehaviour:
  m_ObjectHideFlags: 0
  m_CorrespondingSourceObject: {fileID: 0}
  m_PrefabInstance: {fileID: 0}
  m_PrefabAsset: {fileID: 0}
  m_GameObject: {fileID: 2761826350012922596}
  m_Enabled: 1
  m_EditorHideFlags: 0
  m_Script: {fileID: 11500000, guid: 073797afb82c5a1438f328866b10b3f0, type: 3}
  m_Name: 
  m_EditorClassIdentifier: 
  m_LightType: 0
  m_BlendStyleIndex: 0
  m_FalloffIntensity: 0.736
  m_Color: {r: 0.347, g: 0.6217103, b: 1, a: 1}
  m_Intensity: 2
  m_LightVolumeOpacity: 0
  m_ApplyToSortingLayers: ab08fa6100000000
  m_LightCookieSprite: {fileID: 0}
  m_UseNormalMap: 1
  m_LightOrder: 0
  m_AlphaBlendOnOverlap: 0
  m_ShadowIntensity: 0
  m_ShadowVolumeIntensity: 0
  m_PointLightInnerAngle: 360
  m_PointLightOuterAngle: 360
  m_PointLightInnerRadius: 0
  m_PointLightOuterRadius: 1
  m_PointLightDistance: 3
  m_PointLightQuality: 0
  m_ShapeLightParametricSides: 6
  m_ShapeLightParametricAngleOffset: 0
  m_ShapeLightParametricRadius: 0
  m_ShapeLightFalloffSize: 0.42
  m_ShapeLightFalloffOffset: {x: 0, y: 0}
  m_ShapePath:
  - {x: -0.5, y: -0.5, z: 0}
  - {x: 0.5, y: -0.5, z: 0}
  - {x: 0.5, y: 0.5, z: 0}
  - {x: -0.5, y: 0.5, z: 0}
--- !u!1 &2857672377552498030
GameObject:
  m_ObjectHideFlags: 0
  m_CorrespondingSourceObject: {fileID: 0}
  m_PrefabInstance: {fileID: 0}
  m_PrefabAsset: {fileID: 0}
  serializedVersion: 6
  m_Component:
  - component: {fileID: 5838607578225261019}
  - component: {fileID: 2280532514207172538}
  - component: {fileID: 5681739211170948180}
  - component: {fileID: 3740323180042103821}
  m_Layer: 0
  m_Name: armor
  m_TagString: Untagged
  m_Icon: {fileID: 0}
  m_NavMeshLayer: 0
  m_StaticEditorFlags: 0
  m_IsActive: 1
--- !u!4 &5838607578225261019
Transform:
  m_ObjectHideFlags: 0
  m_CorrespondingSourceObject: {fileID: 0}
  m_PrefabInstance: {fileID: 0}
  m_PrefabAsset: {fileID: 0}
  m_GameObject: {fileID: 2857672377552498030}
  m_LocalRotation: {x: 0, y: 0, z: 0, w: 1}
  m_LocalPosition: {x: 0, y: 0, z: 0}
  m_LocalScale: {x: 1, y: 1, z: 1}
  m_Children: []
  m_Father: {fileID: 3038495529873185305}
  m_RootOrder: 2
  m_LocalEulerAnglesHint: {x: 0, y: 0, z: 0}
--- !u!114 &2280532514207172538
MonoBehaviour:
  m_ObjectHideFlags: 0
  m_CorrespondingSourceObject: {fileID: 0}
  m_PrefabInstance: {fileID: 0}
  m_PrefabAsset: {fileID: 0}
  m_GameObject: {fileID: 2857672377552498030}
  m_Enabled: 1
  m_EditorHideFlags: 0
  m_Script: {fileID: 11500000, guid: 3a0c077c37b24381b931bec8dbf93dfc, type: 3}
  m_Name: 
  m_EditorClassIdentifier: 
  IgnoreCull: 0
  culled: 0
  TeamFlags: 2
  Instigator: {fileID: 0}
  body: {fileID: 0}
  box: {fileID: 5681739211170948180}
  renderer: {fileID: 3740323180042103821}
  animator: {fileID: 0}
  AutoPopulateLists: 0
  spriteRenderers:
  - {fileID: 3740323180042103821}
  parentEntity: {fileID: 0}
  UseGravity: 0
  IsStatic: 1
  velocity: {x: 0, y: 0}
  inertia: {x: 0, y: 0}
  overrideVelocity: {x: 0, y: 0}
  carryEntity: {fileID: 0}
  carryConveyorBelt: {fileID: 0}
  conveyorMove: {x: 0, y: 0}
  friction: 0.05
  raylength: 0.01
  raylengthUP: 0.05
  contactSeparation: 0.01
  DownOffset: 0
  HeadOffset: 0.05
  collideRight: 0
  collideLeft: 0
  collideTop: 0
  collideBottom: 0
  EnablePathing: 0
  AgentTypeName: Small
  damageGraceActive: 0
  CanTakeDamage: 1
  DamageThreshold: 2
  ReflectIfBelowThreshold: 1
  Health: 3
  MaxHealth: 3
  soundHit: {fileID: 0}
  flashInterval: 0.05
  flashCount: 5
  ContactDamageDefinition: {fileID: 0}
  CrushDamageDefinition: {fileID: 0}
  EnableDeathSequence: 0
  boomDuration: 3
  boomRadius: 0.3
  boomFadeColor: {r: 0.9926471, g: 0.3533663, b: 0.2627595, a: 1}
  UseGlobalExplosion: 1
  dead: 0
  soundDeath: {fileID: 8300000, guid: 96151ef57d7374f0aabae8cd252c0299, type: 3}
  SpawnOnDeath:
  - alwaysSpawn: 1
    weight: 0
    prefab: {fileID: 1678155047526447402, guid: 0b441ca38fb9146debe1d70a64193693,
      type: 3}
  EventDeath:
    m_PersistentCalls:
      m_Calls: []
  EventDestroyed:
    m_PersistentCalls:
      m_Calls:
      - m_Target: {fileID: 642343505250965101}
        m_MethodName: SetCanTakeDamage
        m_Mode: 6
        m_Arguments:
          m_ObjectArgument: {fileID: 0}
          m_ObjectArgumentAssemblyTypeName: UnityEngine.Object, UnityEngine
          m_IntArgument: 0
          m_FloatArgument: 0
          m_StringArgument: 
          m_BoolArgument: 1
        m_CallState: 2
  CharacterLayer: 0
  AnimatedCharacterParts: []
--- !u!61 &5681739211170948180
BoxCollider2D:
  m_ObjectHideFlags: 0
  m_CorrespondingSourceObject: {fileID: 0}
  m_PrefabInstance: {fileID: 0}
  m_PrefabAsset: {fileID: 0}
  m_GameObject: {fileID: 2857672377552498030}
  m_Enabled: 1
  m_Density: 1
  m_Material: {fileID: 0}
  m_IsTrigger: 0
  m_UsedByEffector: 0
  m_UsedByComposite: 0
  m_Offset: {x: 0, y: 0}
  m_SpriteTilingProperty:
    border: {x: 0, y: 0, z: 0, w: 0}
    pivot: {x: 0.5, y: 0.5}
    oldSize: {x: 0.46875, y: 0.5}
    newSize: {x: 0.5, y: 0.82}
    adaptiveTilingThreshold: 0.5
    drawMode: 0
    adaptiveTiling: 0
  m_AutoTiling: 1
  serializedVersion: 2
  m_Size: {x: 0.37, y: 0.44}
  m_EdgeRadius: 0
--- !u!212 &3740323180042103821
SpriteRenderer:
  m_ObjectHideFlags: 0
  m_CorrespondingSourceObject: {fileID: 0}
  m_PrefabInstance: {fileID: 0}
  m_PrefabAsset: {fileID: 0}
  m_GameObject: {fileID: 2857672377552498030}
  m_Enabled: 1
  m_CastShadows: 0
  m_ReceiveShadows: 0
  m_DynamicOccludee: 1
  m_MotionVectors: 1
  m_LightProbeUsage: 1
  m_ReflectionProbeUsage: 1
  m_RayTracingMode: 0
  m_RenderingLayerMask: 1
  m_RendererPriority: 0
  m_Materials:
  - {fileID: 2100000, guid: d905710c44976415991cc7aff39cfb39, type: 2}
  m_StaticBatchInfo:
    firstSubMesh: 0
    subMeshCount: 0
  m_StaticBatchRoot: {fileID: 0}
  m_ProbeAnchor: {fileID: 0}
  m_LightProbeVolumeOverride: {fileID: 0}
  m_ScaleInLightmap: 1
  m_ReceiveGI: 1
  m_PreserveUVs: 0
  m_IgnoreNormalsForChartDetection: 0
  m_ImportantGI: 0
  m_StitchLightmapSeams: 0
  m_SelectedEditorRenderState: 0
  m_MinimumChartSize: 4
  m_AutoUVMaxDistance: 0.5
  m_AutoUVMaxAngle: 89
  m_LightmapParameters: {fileID: 0}
  m_SortingLayerID: 1643776171
  m_SortingLayer: 1
  m_SortingOrder: 11
  m_Sprite: {fileID: -2037322024802471844, guid: ce7d410897aa44b72bf9efd38673f699,
    type: 3}
  m_Color: {r: 1, g: 1, b: 1, a: 1}
  m_FlipX: 0
  m_FlipY: 0
  m_DrawMode: 0
  m_Size: {x: 0.5, y: 0.82}
  m_AdaptiveModeThreshold: 0.5
  m_SpriteTileMode: 0
  m_WasSpriteAssigned: 1
  m_MaskInteraction: 0
  m_SpriteSortPoint: 0
--- !u!1 &3658982850260932714
GameObject:
  m_ObjectHideFlags: 0
  m_CorrespondingSourceObject: {fileID: 0}
  m_PrefabInstance: {fileID: 0}
  m_PrefabAsset: {fileID: 0}
  serializedVersion: 6
  m_Component:
  - component: {fileID: 6505075185607120814}
  m_Layer: 10
  m_Name: firepoint
  m_TagString: Untagged
  m_Icon: {fileID: 0}
  m_NavMeshLayer: 0
  m_StaticEditorFlags: 4294967295
  m_IsActive: 1
--- !u!4 &6505075185607120814
Transform:
  m_ObjectHideFlags: 0
  m_CorrespondingSourceObject: {fileID: 0}
  m_PrefabInstance: {fileID: 0}
  m_PrefabAsset: {fileID: 0}
  m_GameObject: {fileID: 3658982850260932714}
  m_LocalRotation: {x: 0, y: 0, z: 0, w: 1}
  m_LocalPosition: {x: 0, y: 0.313, z: 0}
  m_LocalScale: {x: 1, y: 1, z: 1}
  m_Children: []
  m_Father: {fileID: 5627894327733988149}
  m_RootOrder: 0
  m_LocalEulerAnglesHint: {x: 0, y: 0, z: 0}
--- !u!1 &3755836897407575158
GameObject:
  m_ObjectHideFlags: 0
  m_CorrespondingSourceObject: {fileID: 0}
  m_PrefabInstance: {fileID: 0}
  m_PrefabAsset: {fileID: 0}
  serializedVersion: 6
  m_Component:
  - component: {fileID: 2282306873451683248}
  - component: {fileID: 1412791744071549834}
  - component: {fileID: 7078970479232513871}
  - component: {fileID: 6666731482587928063}
  m_Layer: 0
  m_Name: armor
  m_TagString: Untagged
  m_Icon: {fileID: 0}
  m_NavMeshLayer: 0
  m_StaticEditorFlags: 0
  m_IsActive: 1
--- !u!4 &2282306873451683248
Transform:
  m_ObjectHideFlags: 0
  m_CorrespondingSourceObject: {fileID: 0}
  m_PrefabInstance: {fileID: 0}
  m_PrefabAsset: {fileID: 0}
  m_GameObject: {fileID: 3755836897407575158}
  m_LocalRotation: {x: 0, y: 0, z: 0, w: 1}
  m_LocalPosition: {x: 0, y: 0, z: 0}
  m_LocalScale: {x: 1, y: 1, z: 1}
  m_Children: []
  m_Father: {fileID: 5627894327733988149}
  m_RootOrder: 2
  m_LocalEulerAnglesHint: {x: 0, y: 0, z: 0}
--- !u!114 &1412791744071549834
MonoBehaviour:
  m_ObjectHideFlags: 0
  m_CorrespondingSourceObject: {fileID: 0}
  m_PrefabInstance: {fileID: 0}
  m_PrefabAsset: {fileID: 0}
  m_GameObject: {fileID: 3755836897407575158}
  m_Enabled: 1
  m_EditorHideFlags: 0
  m_Script: {fileID: 11500000, guid: 3a0c077c37b24381b931bec8dbf93dfc, type: 3}
  m_Name: 
  m_EditorClassIdentifier: 
  IgnoreCull: 0
  culled: 0
  TeamFlags: 2
  Instigator: {fileID: 0}
  body: {fileID: 0}
  box: {fileID: 7078970479232513871}
  renderer: {fileID: 6666731482587928063}
  animator: {fileID: 0}
  AutoPopulateLists: 0
  spriteRenderers:
  - {fileID: 6666731482587928063}
  parentEntity: {fileID: 0}
  UseGravity: 0
  IsStatic: 1
  velocity: {x: 0, y: 0}
  inertia: {x: 0, y: 0}
  overrideVelocity: {x: 0, y: 0}
  carryEntity: {fileID: 0}
  carryConveyorBelt: {fileID: 0}
  conveyorMove: {x: 0, y: 0}
  friction: 0.05
  raylength: 0.01
  raylengthUP: 0.05
  contactSeparation: 0.01
  DownOffset: 0
  HeadOffset: 0.05
  collideRight: 0
  collideLeft: 0
  collideTop: 0
  collideBottom: 0
  EnablePathing: 0
  AgentTypeName: Small
  damageGraceActive: 0
  CanTakeDamage: 1
  DamageThreshold: 2
  ReflectIfBelowThreshold: 1
  Health: 3
  MaxHealth: 3
  soundHit: {fileID: 0}
  flashInterval: 0.05
  flashCount: 5
  ContactDamageDefinition: {fileID: 0}
  CrushDamageDefinition: {fileID: 0}
  EnableDeathSequence: 0
  boomDuration: 3
  boomRadius: 0.3
  boomFadeColor: {r: 0.9926471, g: 0.3533663, b: 0.2627595, a: 1}
  UseGlobalExplosion: 1
  dead: 0
  soundDeath: {fileID: 8300000, guid: 96151ef57d7374f0aabae8cd252c0299, type: 3}
  SpawnOnDeath:
  - alwaysSpawn: 1
    weight: 0
    prefab: {fileID: 1678155047526447402, guid: 0b441ca38fb9146debe1d70a64193693,
      type: 3}
  EventDeath:
    m_PersistentCalls:
      m_Calls: []
  EventDestroyed:
    m_PersistentCalls:
      m_Calls:
      - m_Target: {fileID: 6921993122137513479}
        m_MethodName: SetCanTakeDamage
        m_Mode: 6
        m_Arguments:
          m_ObjectArgument: {fileID: 0}
          m_ObjectArgumentAssemblyTypeName: UnityEngine.Object, UnityEngine
          m_IntArgument: 0
          m_FloatArgument: 0
          m_StringArgument: 
          m_BoolArgument: 1
        m_CallState: 2
  CharacterLayer: 0
  AnimatedCharacterParts: []
--- !u!61 &7078970479232513871
BoxCollider2D:
  m_ObjectHideFlags: 0
  m_CorrespondingSourceObject: {fileID: 0}
  m_PrefabInstance: {fileID: 0}
  m_PrefabAsset: {fileID: 0}
  m_GameObject: {fileID: 3755836897407575158}
  m_Enabled: 1
  m_Density: 1
  m_Material: {fileID: 0}
  m_IsTrigger: 0
  m_UsedByEffector: 0
  m_UsedByComposite: 0
  m_Offset: {x: 0, y: 0}
  m_SpriteTilingProperty:
    border: {x: 0, y: 0, z: 0, w: 0}
    pivot: {x: 0.5, y: 0.5}
    oldSize: {x: 0.46875, y: 0.5}
    newSize: {x: 0.5, y: 0.82}
    adaptiveTilingThreshold: 0.5
    drawMode: 0
    adaptiveTiling: 0
  m_AutoTiling: 1
  serializedVersion: 2
  m_Size: {x: 0.37, y: 0.44}
  m_EdgeRadius: 0
--- !u!212 &6666731482587928063
SpriteRenderer:
  m_ObjectHideFlags: 0
  m_CorrespondingSourceObject: {fileID: 0}
  m_PrefabInstance: {fileID: 0}
  m_PrefabAsset: {fileID: 0}
  m_GameObject: {fileID: 3755836897407575158}
  m_Enabled: 1
  m_CastShadows: 0
  m_ReceiveShadows: 0
  m_DynamicOccludee: 1
  m_MotionVectors: 1
  m_LightProbeUsage: 1
  m_ReflectionProbeUsage: 1
  m_RayTracingMode: 0
  m_RenderingLayerMask: 1
  m_RendererPriority: 0
  m_Materials:
  - {fileID: 2100000, guid: d905710c44976415991cc7aff39cfb39, type: 2}
  m_StaticBatchInfo:
    firstSubMesh: 0
    subMeshCount: 0
  m_StaticBatchRoot: {fileID: 0}
  m_ProbeAnchor: {fileID: 0}
  m_LightProbeVolumeOverride: {fileID: 0}
  m_ScaleInLightmap: 1
  m_ReceiveGI: 1
  m_PreserveUVs: 0
  m_IgnoreNormalsForChartDetection: 0
  m_ImportantGI: 0
  m_StitchLightmapSeams: 0
  m_SelectedEditorRenderState: 0
  m_MinimumChartSize: 4
  m_AutoUVMaxDistance: 0.5
  m_AutoUVMaxAngle: 89
  m_LightmapParameters: {fileID: 0}
  m_SortingLayerID: 1643776171
  m_SortingLayer: 1
  m_SortingOrder: 11
  m_Sprite: {fileID: -2037322024802471844, guid: ce7d410897aa44b72bf9efd38673f699,
    type: 3}
  m_Color: {r: 1, g: 1, b: 1, a: 1}
  m_FlipX: 0
  m_FlipY: 0
  m_DrawMode: 0
  m_Size: {x: 0.5, y: 0.82}
  m_AdaptiveModeThreshold: 0.5
  m_SpriteTileMode: 0
  m_WasSpriteAssigned: 1
  m_MaskInteraction: 0
  m_SpriteSortPoint: 0
--- !u!1 &3972077108352493281
GameObject:
  m_ObjectHideFlags: 0
  m_CorrespondingSourceObject: {fileID: 0}
  m_PrefabInstance: {fileID: 0}
  m_PrefabAsset: {fileID: 0}
  serializedVersion: 6
  m_Component:
  - component: {fileID: 6816597312094385942}
  - component: {fileID: 531115659868839605}
  - component: {fileID: 8251824608474667820}
  - component: {fileID: 5854252712875760357}
  m_Layer: 10
  m_Name: armor
  m_TagString: Untagged
  m_Icon: {fileID: 0}
  m_NavMeshLayer: 0
  m_StaticEditorFlags: 0
  m_IsActive: 1
--- !u!4 &6816597312094385942
Transform:
  m_ObjectHideFlags: 0
  m_CorrespondingSourceObject: {fileID: 0}
  m_PrefabInstance: {fileID: 0}
  m_PrefabAsset: {fileID: 0}
  m_GameObject: {fileID: 3972077108352493281}
  m_LocalRotation: {x: -0, y: -0, z: -0, w: 1}
  m_LocalPosition: {x: -0.009, y: -0.083, z: 0}
  m_LocalScale: {x: 0.85333335, y: 0.8, z: 1}
  m_Children: []
  m_Father: {fileID: 4829408573165812424}
  m_RootOrder: 1
  m_LocalEulerAnglesHint: {x: 0, y: 0, z: 0}
--- !u!114 &531115659868839605
MonoBehaviour:
  m_ObjectHideFlags: 0
  m_CorrespondingSourceObject: {fileID: 0}
  m_PrefabInstance: {fileID: 0}
  m_PrefabAsset: {fileID: 0}
  m_GameObject: {fileID: 3972077108352493281}
  m_Enabled: 1
  m_EditorHideFlags: 0
  m_Script: {fileID: 11500000, guid: 3a0c077c37b24381b931bec8dbf93dfc, type: 3}
  m_Name: 
  m_EditorClassIdentifier: 
  IgnoreCull: 0
  culled: 0
  TeamFlags: 2
  Instigator: {fileID: 0}
  body: {fileID: 0}
  box: {fileID: 5854252712875760357}
  renderer: {fileID: 8251824608474667820}
  animator: {fileID: 0}
  AutoPopulateLists: 0
  spriteRenderers:
  - {fileID: 8251824608474667820}
  parentEntity: {fileID: 0}
  UseGravity: 0
  IsStatic: 1
  velocity: {x: 0, y: 0}
  inertia: {x: 0, y: 0}
  overrideVelocity: {x: 0, y: 0}
  carryEntity: {fileID: 0}
  carryConveyorBelt: {fileID: 0}
  conveyorMove: {x: 0, y: 0}
  friction: 0.05
  raylength: 0.01
  raylengthUP: 0.05
  contactSeparation: 0.01
  DownOffset: 0
  HeadOffset: 0.05
  collideRight: 0
  collideLeft: 0
  collideTop: 0
  collideBottom: 0
  EnablePathing: 0
  AgentTypeName: Small
  damageGraceActive: 0
  CanTakeDamage: 1
  DamageThreshold: 1
  ReflectIfBelowThreshold: 0
  Health: 3
  MaxHealth: 3
  soundHit: {fileID: 0}
  flashInterval: 0.05
  flashCount: 5
  ContactDamageDefinition: {fileID: 0}
  CrushDamageDefinition: {fileID: 0}
  EnableDeathSequence: 0
  boomDuration: 3
  boomRadius: 0.3
  boomFadeColor: {r: 0.9926471, g: 0.3533663, b: 0.2627595, a: 1}
  UseGlobalExplosion: 1
  dead: 0
  soundDeath: {fileID: 8300000, guid: 1b98f9e1617e64846a94354e61328f5b, type: 3}
  SpawnOnDeath: []
  EventDeath:
    m_PersistentCalls:
      m_Calls: []
  EventDestroyed:
    m_PersistentCalls:
      m_Calls:
      - m_Target: {fileID: 1904649048408906016}
        m_MethodName: SetCanTakeDamage
        m_Mode: 6
        m_Arguments:
          m_ObjectArgument: {fileID: 0}
          m_ObjectArgumentAssemblyTypeName: UnityEngine.Object, UnityEngine
          m_IntArgument: 0
          m_FloatArgument: 0
          m_StringArgument: 
          m_BoolArgument: 1
        m_CallState: 2
  CharacterLayer: 0
  AnimatedCharacterParts: []
--- !u!212 &8251824608474667820
SpriteRenderer:
  m_ObjectHideFlags: 0
  m_CorrespondingSourceObject: {fileID: 0}
  m_PrefabInstance: {fileID: 0}
  m_PrefabAsset: {fileID: 0}
  m_GameObject: {fileID: 3972077108352493281}
  m_Enabled: 1
  m_CastShadows: 0
  m_ReceiveShadows: 0
  m_DynamicOccludee: 1
  m_MotionVectors: 1
  m_LightProbeUsage: 1
  m_ReflectionProbeUsage: 1
  m_RayTracingMode: 0
  m_RenderingLayerMask: 1
  m_RendererPriority: 0
  m_Materials:
  - {fileID: 2100000, guid: d905710c44976415991cc7aff39cfb39, type: 2}
  m_StaticBatchInfo:
    firstSubMesh: 0
    subMeshCount: 0
  m_StaticBatchRoot: {fileID: 0}
  m_ProbeAnchor: {fileID: 0}
  m_LightProbeVolumeOverride: {fileID: 0}
  m_ScaleInLightmap: 1
  m_ReceiveGI: 1
  m_PreserveUVs: 0
  m_IgnoreNormalsForChartDetection: 0
  m_ImportantGI: 0
  m_StitchLightmapSeams: 0
  m_SelectedEditorRenderState: 0
  m_MinimumChartSize: 4
  m_AutoUVMaxDistance: 0.5
  m_AutoUVMaxAngle: 89
  m_LightmapParameters: {fileID: 0}
  m_SortingLayerID: 1643776171
  m_SortingLayer: 1
  m_SortingOrder: -6
  m_Sprite: {fileID: -2037322024802471844, guid: ce7d410897aa44b72bf9efd38673f699,
    type: 3}
  m_Color: {r: 1, g: 1, b: 1, a: 1}
  m_FlipX: 0
  m_FlipY: 0
  m_DrawMode: 0
  m_Size: {x: 0.4, y: 0.4}
  m_AdaptiveModeThreshold: 0.5
  m_SpriteTileMode: 0
  m_WasSpriteAssigned: 1
  m_MaskInteraction: 0
  m_SpriteSortPoint: 0
--- !u!61 &5854252712875760357
BoxCollider2D:
  m_ObjectHideFlags: 0
  m_CorrespondingSourceObject: {fileID: 0}
  m_PrefabInstance: {fileID: 0}
  m_PrefabAsset: {fileID: 0}
  m_GameObject: {fileID: 3972077108352493281}
  m_Enabled: 1
  m_Density: 1
  m_Material: {fileID: 0}
  m_IsTrigger: 0
  m_UsedByEffector: 0
  m_UsedByComposite: 0
  m_Offset: {x: 0, y: 0}
  m_SpriteTilingProperty:
    border: {x: 0, y: 0, z: 0, w: 0}
    pivot: {x: 0.5, y: 0.5}
    oldSize: {x: 0.46875, y: 0.5}
    newSize: {x: 0.4, y: 0.4}
    adaptiveTilingThreshold: 0.5
    drawMode: 0
    adaptiveTiling: 0
  m_AutoTiling: 0
  serializedVersion: 2
  m_Size: {x: 0.45, y: 0.45}
  m_EdgeRadius: 0
--- !u!1 &4139410134579520148
GameObject:
  m_ObjectHideFlags: 0
  m_CorrespondingSourceObject: {fileID: 0}
  m_PrefabInstance: {fileID: 0}
  m_PrefabAsset: {fileID: 0}
  serializedVersion: 6
  m_Component:
  - component: {fileID: 7146370071323608040}
  - component: {fileID: 6268141112293963368}
  - component: {fileID: 4780385223724878182}
  m_Layer: 0
  m_Name: flash
  m_TagString: Untagged
  m_Icon: {fileID: 0}
  m_NavMeshLayer: 0
  m_StaticEditorFlags: 4294967295
  m_IsActive: 1
--- !u!4 &7146370071323608040
Transform:
  m_ObjectHideFlags: 0
  m_CorrespondingSourceObject: {fileID: 0}
  m_PrefabInstance: {fileID: 0}
  m_PrefabAsset: {fileID: 0}
  m_GameObject: {fileID: 4139410134579520148}
  m_LocalRotation: {x: -0, y: -0, z: -0, w: 1}
  m_LocalPosition: {x: 0, y: -0.258, z: 0}
  m_LocalScale: {x: 1, y: 1, z: 1}
  m_Children: []
  m_Father: {fileID: 6864755412686333359}
  m_RootOrder: 0
  m_LocalEulerAnglesHint: {x: 0, y: 0, z: 0}
--- !u!212 &6268141112293963368
SpriteRenderer:
  m_ObjectHideFlags: 0
  m_CorrespondingSourceObject: {fileID: 0}
  m_PrefabInstance: {fileID: 0}
  m_PrefabAsset: {fileID: 0}
  m_GameObject: {fileID: 4139410134579520148}
  m_Enabled: 1
  m_CastShadows: 0
  m_ReceiveShadows: 0
  m_DynamicOccludee: 1
  m_MotionVectors: 1
  m_LightProbeUsage: 1
  m_ReflectionProbeUsage: 1
  m_RayTracingMode: 0
  m_RenderingLayerMask: 1
  m_RendererPriority: 0
  m_Materials:
  - {fileID: 2100000, guid: d905710c44976415991cc7aff39cfb39, type: 2}
  m_StaticBatchInfo:
    firstSubMesh: 0
    subMeshCount: 0
  m_StaticBatchRoot: {fileID: 0}
  m_ProbeAnchor: {fileID: 0}
  m_LightProbeVolumeOverride: {fileID: 0}
  m_ScaleInLightmap: 1
  m_ReceiveGI: 1
  m_PreserveUVs: 0
  m_IgnoreNormalsForChartDetection: 0
  m_ImportantGI: 0
  m_StitchLightmapSeams: 0
  m_SelectedEditorRenderState: 0
  m_MinimumChartSize: 4
  m_AutoUVMaxDistance: 0.5
  m_AutoUVMaxAngle: 89
  m_LightmapParameters: {fileID: 0}
  m_SortingLayerID: 1643776171
  m_SortingLayer: 1
  m_SortingOrder: -8
  m_Sprite: {fileID: 21300066, guid: 64314a0420c93471b9990c7b9f080a39, type: 3}
  m_Color: {r: 1, g: 1, b: 1, a: 1}
  m_FlipX: 0
  m_FlipY: 0
  m_DrawMode: 0
  m_Size: {x: 0.125, y: 0.09375}
  m_AdaptiveModeThreshold: 0.5
  m_SpriteTileMode: 0
  m_WasSpriteAssigned: 1
  m_MaskInteraction: 0
  m_SpriteSortPoint: 0
--- !u!95 &4780385223724878182
Animator:
  serializedVersion: 3
  m_ObjectHideFlags: 0
  m_CorrespondingSourceObject: {fileID: 0}
  m_PrefabInstance: {fileID: 0}
  m_PrefabAsset: {fileID: 0}
  m_GameObject: {fileID: 4139410134579520148}
  m_Enabled: 1
  m_Avatar: {fileID: 0}
  m_Controller: {fileID: 9100000, guid: 273de3cb9d03d48bcbdf1373ff0ce0a0, type: 2}
  m_CullingMode: 0
  m_UpdateMode: 0
  m_ApplyRootMotion: 0
  m_LinearVelocityBlending: 0
  m_WarningMessage: 
  m_HasTransformHierarchy: 1
  m_AllowConstantClipSamplingOptimization: 1
  m_KeepAnimatorControllerStateOnDisable: 0
--- !u!1 &4280171645125904552
GameObject:
  m_ObjectHideFlags: 0
  m_CorrespondingSourceObject: {fileID: 0}
  m_PrefabInstance: {fileID: 0}
  m_PrefabAsset: {fileID: 0}
  serializedVersion: 6
  m_Component:
  - component: {fileID: 2623802828900696790}
  - component: {fileID: 8317411639385055132}
  - component: {fileID: 6938331685854938373}
  - component: {fileID: 6179790375054467457}
  m_Layer: 10
  m_Name: armor
  m_TagString: Untagged
  m_Icon: {fileID: 0}
  m_NavMeshLayer: 0
  m_StaticEditorFlags: 0
  m_IsActive: 1
--- !u!4 &2623802828900696790
Transform:
  m_ObjectHideFlags: 0
  m_CorrespondingSourceObject: {fileID: 0}
  m_PrefabInstance: {fileID: 0}
  m_PrefabAsset: {fileID: 0}
  m_GameObject: {fileID: 4280171645125904552}
  m_LocalRotation: {x: -0, y: -0, z: -0, w: 1}
  m_LocalPosition: {x: -0.009, y: -0.083, z: 0}
  m_LocalScale: {x: 0.85333335, y: 0.8, z: 1}
  m_Children: []
  m_Father: {fileID: 6864755412686333359}
  m_RootOrder: 1
  m_LocalEulerAnglesHint: {x: 0, y: 0, z: 0}
--- !u!114 &8317411639385055132
MonoBehaviour:
  m_ObjectHideFlags: 0
  m_CorrespondingSourceObject: {fileID: 0}
  m_PrefabInstance: {fileID: 0}
  m_PrefabAsset: {fileID: 0}
  m_GameObject: {fileID: 4280171645125904552}
  m_Enabled: 1
  m_EditorHideFlags: 0
  m_Script: {fileID: 11500000, guid: 3a0c077c37b24381b931bec8dbf93dfc, type: 3}
  m_Name: 
  m_EditorClassIdentifier: 
  IgnoreCull: 0
  culled: 0
  TeamFlags: 2
  Instigator: {fileID: 0}
  body: {fileID: 0}
  box: {fileID: 6179790375054467457}
  renderer: {fileID: 6938331685854938373}
  animator: {fileID: 0}
  AutoPopulateLists: 0
  spriteRenderers:
  - {fileID: 6938331685854938373}
  parentEntity: {fileID: 0}
  UseGravity: 0
  IsStatic: 1
  velocity: {x: 0, y: 0}
  inertia: {x: 0, y: 0}
  overrideVelocity: {x: 0, y: 0}
  carryEntity: {fileID: 0}
  carryConveyorBelt: {fileID: 0}
  conveyorMove: {x: 0, y: 0}
  friction: 0.05
  raylength: 0.01
  raylengthUP: 0.05
  contactSeparation: 0.01
  DownOffset: 0
  HeadOffset: 0.05
  collideRight: 0
  collideLeft: 0
  collideTop: 0
  collideBottom: 0
  EnablePathing: 0
  AgentTypeName: Small
  damageGraceActive: 0
  CanTakeDamage: 1
  DamageThreshold: 1
  ReflectIfBelowThreshold: 0
  Health: 3
  MaxHealth: 3
  soundHit: {fileID: 0}
  flashInterval: 0.05
  flashCount: 5
  ContactDamageDefinition: {fileID: 0}
  CrushDamageDefinition: {fileID: 0}
  EnableDeathSequence: 0
  boomDuration: 3
  boomRadius: 0.3
  boomFadeColor: {r: 0.9926471, g: 0.3533663, b: 0.2627595, a: 1}
  UseGlobalExplosion: 1
  dead: 0
  soundDeath: {fileID: 8300000, guid: 1b98f9e1617e64846a94354e61328f5b, type: 3}
  SpawnOnDeath: []
  EventDeath:
    m_PersistentCalls:
      m_Calls: []
  EventDestroyed:
    m_PersistentCalls:
      m_Calls:
      - m_Target: {fileID: 6773912131805057493}
        m_MethodName: SetCanTakeDamage
        m_Mode: 6
        m_Arguments:
          m_ObjectArgument: {fileID: 0}
          m_ObjectArgumentAssemblyTypeName: UnityEngine.Object, UnityEngine
          m_IntArgument: 0
          m_FloatArgument: 0
          m_StringArgument: 
          m_BoolArgument: 1
        m_CallState: 2
  CharacterLayer: 0
  AnimatedCharacterParts: []
--- !u!212 &6938331685854938373
SpriteRenderer:
  m_ObjectHideFlags: 0
  m_CorrespondingSourceObject: {fileID: 0}
  m_PrefabInstance: {fileID: 0}
  m_PrefabAsset: {fileID: 0}
  m_GameObject: {fileID: 4280171645125904552}
  m_Enabled: 1
  m_CastShadows: 0
  m_ReceiveShadows: 0
  m_DynamicOccludee: 1
  m_MotionVectors: 1
  m_LightProbeUsage: 1
  m_ReflectionProbeUsage: 1
  m_RayTracingMode: 0
  m_RenderingLayerMask: 1
  m_RendererPriority: 0
  m_Materials:
  - {fileID: 2100000, guid: d905710c44976415991cc7aff39cfb39, type: 2}
  m_StaticBatchInfo:
    firstSubMesh: 0
    subMeshCount: 0
  m_StaticBatchRoot: {fileID: 0}
  m_ProbeAnchor: {fileID: 0}
  m_LightProbeVolumeOverride: {fileID: 0}
  m_ScaleInLightmap: 1
  m_ReceiveGI: 1
  m_PreserveUVs: 0
  m_IgnoreNormalsForChartDetection: 0
  m_ImportantGI: 0
  m_StitchLightmapSeams: 0
  m_SelectedEditorRenderState: 0
  m_MinimumChartSize: 4
  m_AutoUVMaxDistance: 0.5
  m_AutoUVMaxAngle: 89
  m_LightmapParameters: {fileID: 0}
  m_SortingLayerID: 1643776171
  m_SortingLayer: 1
  m_SortingOrder: -6
  m_Sprite: {fileID: -2037322024802471844, guid: ce7d410897aa44b72bf9efd38673f699,
    type: 3}
  m_Color: {r: 1, g: 1, b: 1, a: 1}
  m_FlipX: 0
  m_FlipY: 0
  m_DrawMode: 0
  m_Size: {x: 0.4, y: 0.4}
  m_AdaptiveModeThreshold: 0.5
  m_SpriteTileMode: 0
  m_WasSpriteAssigned: 1
  m_MaskInteraction: 0
  m_SpriteSortPoint: 0
--- !u!61 &6179790375054467457
BoxCollider2D:
  m_ObjectHideFlags: 0
  m_CorrespondingSourceObject: {fileID: 0}
  m_PrefabInstance: {fileID: 0}
  m_PrefabAsset: {fileID: 0}
  m_GameObject: {fileID: 4280171645125904552}
  m_Enabled: 1
  m_Density: 1
  m_Material: {fileID: 0}
  m_IsTrigger: 0
  m_UsedByEffector: 0
  m_UsedByComposite: 0
  m_Offset: {x: 0, y: 0}
  m_SpriteTilingProperty:
    border: {x: 0, y: 0, z: 0, w: 0}
    pivot: {x: 0.5, y: 0.5}
    oldSize: {x: 0.46875, y: 0.5}
    newSize: {x: 0.4, y: 0.4}
    adaptiveTilingThreshold: 0.5
    drawMode: 0
    adaptiveTiling: 0
  m_AutoTiling: 0
  serializedVersion: 2
  m_Size: {x: 0.45, y: 0.45}
  m_EdgeRadius: 0
--- !u!1 &5966869218129067510
GameObject:
  m_ObjectHideFlags: 0
  m_CorrespondingSourceObject: {fileID: 0}
  m_PrefabInstance: {fileID: 0}
  m_PrefabAsset: {fileID: 0}
  serializedVersion: 6
  m_Component:
  - component: {fileID: 5966869218129067507}
  - component: {fileID: 5632757500956649663}
  - component: {fileID: 8520634298748496089}
  - component: {fileID: 1721552055637953587}
  - component: {fileID: 1832839249759862544}
  - component: {fileID: 4480309654657304542}
  - component: {fileID: 1459240751102618246}
  m_Layer: 10
  m_Name: Boss Jets
  m_TagString: Untagged
  m_Icon: {fileID: 0}
  m_NavMeshLayer: 0
  m_StaticEditorFlags: 0
  m_IsActive: 1
--- !u!4 &5966869218129067507
Transform:
  m_ObjectHideFlags: 0
  m_CorrespondingSourceObject: {fileID: 0}
  m_PrefabInstance: {fileID: 0}
  m_PrefabAsset: {fileID: 0}
  m_GameObject: {fileID: 5966869218129067510}
  m_LocalRotation: {x: 0, y: 0, z: 0, w: 1}
  m_LocalPosition: {x: 0, y: 0.8, z: 0}
  m_LocalScale: {x: 1, y: 1, z: 1}
  m_Children:
  - {fileID: 1736767608786375373}
  - {fileID: 2219795807463922871}
  - {fileID: 4829408573165812424}
  - {fileID: 6864755412686333359}
  m_Father: {fileID: 0}
  m_RootOrder: 0
  m_LocalEulerAnglesHint: {x: 0, y: 0, z: 0}
--- !u!114 &5632757500956649663
MonoBehaviour:
  m_ObjectHideFlags: 0
  m_CorrespondingSourceObject: {fileID: 0}
  m_PrefabInstance: {fileID: 0}
  m_PrefabAsset: {fileID: 0}
  m_GameObject: {fileID: 5966869218129067510}
  m_Enabled: 1
  m_EditorHideFlags: 0
  m_Script: {fileID: 11500000, guid: 761e1d8b0da6f4a9b8a8f17f53636e41, type: 3}
  m_Name: 
  m_EditorClassIdentifier: 
  IgnoreCull: 0
  culled: 0
  TeamFlags: 2
  Instigator: {fileID: 0}
  body: {fileID: 1459240751102618246}
  box: {fileID: 4480309654657304542}
  renderer: {fileID: 8520634298748496089}
  animator: {fileID: 1721552055637953587}
  AutoPopulateLists: 0
  spriteRenderers:
  - {fileID: 8520634298748496089}
  - {fileID: 1168545175830513571}
  - {fileID: 5711361027739883896}
  - {fileID: 3242324245278880875}
  - {fileID: 8374330893670325381}
  - {fileID: 3740323180042103821}
  - {fileID: 6585558033166885534}
  - {fileID: 5481852721358741073}
  - {fileID: 6666731482587928063}
  - {fileID: 635739832969342074}
  - {fileID: 6494025123659192790}
  - {fileID: 8251824608474667820}
  - {fileID: 5249434563892154053}
  - {fileID: 6268141112293963368}
  - {fileID: 6938331685854938373}
  parentEntity: {fileID: 0}
  UseGravity: 0
  IsStatic: 0
  velocity: {x: 0, y: 0}
  inertia: {x: 0, y: 0}
  overrideVelocity: {x: 0, y: 0}
  carryEntity: {fileID: 0}
  carryConveyorBelt: {fileID: 0}
  conveyorMove: {x: 0, y: 0}
  friction: 0.05
  raylength: 0.01
  raylengthUP: 0.05
  contactSeparation: 0.01
  DownOffset: 0
  HeadOffset: 0.05
  collideRight: 0
  collideLeft: 0
  collideTop: 0
  collideBottom: 0
  EnablePathing: 0
  AgentTypeName: Small
  damageGraceActive: 0
  CanTakeDamage: 0
  DamageThreshold: 1
  ReflectIfBelowThreshold: 0
  Health: 10
  MaxHealth: 10
  soundHit: {fileID: 8300000, guid: 4990cba7bb0c641658496f255902ef3c, type: 3}
  flashInterval: 0.05
  flashCount: 5
  ContactDamageDefinition: {fileID: 0}
  CrushDamageDefinition: {fileID: 0}
  EnableDeathSequence: 1
  boomDuration: 5
  boomRadius: 0.5
  boomFadeColor: {r: 0.9926471, g: 0.3533663, b: 0.2627595, a: 1}
  UseGlobalExplosion: 1
  dead: 0
  soundDeath: {fileID: 8300000, guid: 6ccafabb2e51448928ed7117eb175183, type: 3}
  SpawnOnDeath:
  - alwaysSpawn: 1
    weight: 0
    prefab: {fileID: 1814662161405744, guid: 4c598efde03ec412c82bf8b74b0fdad0, type: 3}
  - alwaysSpawn: 1
    weight: 0
    prefab: {fileID: 1678155047526447402, guid: 0b441ca38fb9146debe1d70a64193693,
      type: 3}
  EventDeath:
    m_PersistentCalls:
      m_Calls: []
  EventDestroyed:
    m_PersistentCalls:
      m_Calls: []
  CharacterLayer: 0
  AnimatedCharacterParts: []
  EnableVictorySequence: 0
  explosion: {fileID: 1814662161405744, guid: 4c598efde03ec412c82bf8b74b0fdad0, type: 3}
  MoveSpeed: 1
  NearbyTarget: {fileID: 0}
  SightOrigin: {fileID: 5966869218129067507}
  sightRange: 6
  SightPulseInterval: 1
  hitPause: 3
  bossEnemies: []
  whenAllDeadIDie:
  - {fileID: 642343505250965101}
  - {fileID: 1904649048408906016}
  - {fileID: 6773912131805057493}
  - {fileID: 6921993122137513479}
  rot: 1
  doors: []
  Jets:
  - {fileID: 1904649048408906016}
  - {fileID: 6773912131805057493}
--- !u!212 &8520634298748496089
SpriteRenderer:
  m_ObjectHideFlags: 0
  m_CorrespondingSourceObject: {fileID: 0}
  m_PrefabInstance: {fileID: 0}
  m_PrefabAsset: {fileID: 0}
  m_GameObject: {fileID: 5966869218129067510}
  m_Enabled: 1
  m_CastShadows: 0
  m_ReceiveShadows: 0
  m_DynamicOccludee: 1
  m_MotionVectors: 1
  m_LightProbeUsage: 1
  m_ReflectionProbeUsage: 1
  m_RayTracingMode: 0
  m_RenderingLayerMask: 1
  m_RendererPriority: 0
  m_Materials:
  - {fileID: 2100000, guid: d905710c44976415991cc7aff39cfb39, type: 2}
  m_StaticBatchInfo:
    firstSubMesh: 0
    subMeshCount: 0
  m_StaticBatchRoot: {fileID: 0}
  m_ProbeAnchor: {fileID: 0}
  m_LightProbeVolumeOverride: {fileID: 0}
  m_ScaleInLightmap: 1
  m_ReceiveGI: 1
  m_PreserveUVs: 0
  m_IgnoreNormalsForChartDetection: 0
  m_ImportantGI: 0
  m_StitchLightmapSeams: 0
  m_SelectedEditorRenderState: 0
  m_MinimumChartSize: 4
  m_AutoUVMaxDistance: 0.5
  m_AutoUVMaxAngle: 89
  m_LightmapParameters: {fileID: 0}
  m_SortingLayerID: 1643776171
  m_SortingLayer: 1
  m_SortingOrder: 0
  m_Sprite: {fileID: -2490533035047583901, guid: 64314a0420c93471b9990c7b9f080a39,
    type: 3}
  m_Color: {r: 1, g: 1, b: 1, a: 1}
  m_FlipX: 0
  m_FlipY: 0
  m_DrawMode: 0
  m_Size: {x: 0.3125, y: 0.203125}
  m_AdaptiveModeThreshold: 0.5
  m_SpriteTileMode: 0
  m_WasSpriteAssigned: 1
  m_MaskInteraction: 0
  m_SpriteSortPoint: 0
--- !u!95 &1721552055637953587
Animator:
  serializedVersion: 3
  m_ObjectHideFlags: 0
  m_CorrespondingSourceObject: {fileID: 0}
  m_PrefabInstance: {fileID: 0}
  m_PrefabAsset: {fileID: 0}
  m_GameObject: {fileID: 5966869218129067510}
  m_Enabled: 1
  m_Avatar: {fileID: 0}
  m_Controller: {fileID: 9100000, guid: 156e85414c8f440eba9284a27fd4bbd9, type: 2}
  m_CullingMode: 0
  m_UpdateMode: 0
  m_ApplyRootMotion: 0
  m_LinearVelocityBlending: 0
  m_WarningMessage: 
  m_HasTransformHierarchy: 1
  m_AllowConstantClipSamplingOptimization: 1
  m_KeepAnimatorControllerStateOnDisable: 0
--- !u!82 &1832839249759862544
AudioSource:
  m_ObjectHideFlags: 0
  m_CorrespondingSourceObject: {fileID: 0}
  m_PrefabInstance: {fileID: 0}
  m_PrefabAsset: {fileID: 0}
  m_GameObject: {fileID: 5966869218129067510}
  m_Enabled: 1
  serializedVersion: 4
  OutputAudioMixerGroup: {fileID: 243862331985139506, guid: 1c39f8c58cb83400089739cd8e4d9c58,
    type: 2}
  m_audioClip: {fileID: 0}
  m_PlayOnAwake: 0
  m_Volume: 1
  m_Pitch: 1
  Loop: 0
  Mute: 0
  Spatialize: 0
  SpatializePostEffects: 0
  Priority: 128
  DopplerLevel: 0
  MinDistance: 2
  MaxDistance: 15
  Pan2D: 0
  rolloffMode: 1
  BypassEffects: 0
  BypassListenerEffects: 0
  BypassReverbZones: 0
  rolloffCustomCurve:
    serializedVersion: 2
    m_Curve:
    - serializedVersion: 3
      time: 0
      value: 1
      inSlope: 0
      outSlope: 0
      tangentMode: 0
      weightedMode: 0
      inWeight: 0.33333334
      outWeight: 0.33333334
    - serializedVersion: 3
      time: 1
      value: 0
      inSlope: 0
      outSlope: 0
      tangentMode: 0
      weightedMode: 0
      inWeight: 0.33333334
      outWeight: 0.33333334
    m_PreInfinity: 2
    m_PostInfinity: 2
    m_RotationOrder: 4
  panLevelCustomCurve:
    serializedVersion: 2
    m_Curve:
    - serializedVersion: 3
      time: 0
      value: 0
      inSlope: 0
      outSlope: 0
      tangentMode: 0
      weightedMode: 0
      inWeight: 0.33333334
      outWeight: 0.33333334
    m_PreInfinity: 2
    m_PostInfinity: 2
    m_RotationOrder: 4
  spreadCustomCurve:
    serializedVersion: 2
    m_Curve:
    - serializedVersion: 3
      time: 0
      value: 0
      inSlope: 0
      outSlope: 0
      tangentMode: 0
      weightedMode: 0
      inWeight: 0.33333334
      outWeight: 0.33333334
    m_PreInfinity: 2
    m_PostInfinity: 2
    m_RotationOrder: 4
  reverbZoneMixCustomCurve:
    serializedVersion: 2
    m_Curve:
    - serializedVersion: 3
      time: 0
      value: 1
      inSlope: 0
      outSlope: 0
      tangentMode: 0
      weightedMode: 0
      inWeight: 0.33333334
      outWeight: 0.33333334
    m_PreInfinity: 2
    m_PostInfinity: 2
    m_RotationOrder: 4
--- !u!61 &4480309654657304542
BoxCollider2D:
  m_ObjectHideFlags: 0
  m_CorrespondingSourceObject: {fileID: 0}
  m_PrefabInstance: {fileID: 0}
  m_PrefabAsset: {fileID: 0}
  m_GameObject: {fileID: 5966869218129067510}
  m_Enabled: 1
  m_Density: 1
  m_Material: {fileID: 0}
  m_IsTrigger: 0
  m_UsedByEffector: 0
  m_UsedByComposite: 0
  m_Offset: {x: 0, y: 0}
  m_SpriteTilingProperty:
    border: {x: 0, y: 0, z: 0, w: 0}
    pivot: {x: 0.5, y: 0.5}
    oldSize: {x: 0.328125, y: 0.515625}
    newSize: {x: 0.3125, y: 0.203125}
    adaptiveTilingThreshold: 0.5
    drawMode: 0
    adaptiveTiling: 0
  m_AutoTiling: 0
  serializedVersion: 2
  m_Size: {x: 0.3, y: 0.3}
  m_EdgeRadius: 0
--- !u!50 &1459240751102618246
Rigidbody2D:
  serializedVersion: 4
  m_ObjectHideFlags: 0
  m_CorrespondingSourceObject: {fileID: 0}
  m_PrefabInstance: {fileID: 0}
  m_PrefabAsset: {fileID: 0}
  m_GameObject: {fileID: 5966869218129067510}
  m_BodyType: 1
  m_Simulated: 1
  m_UseFullKinematicContacts: 0
  m_UseAutoMass: 0
  m_Mass: 1
  m_LinearDrag: 0
  m_AngularDrag: 0.05
  m_GravityScale: 1
  m_Material: {fileID: 0}
  m_Interpolate: 0
  m_SleepingMode: 1
  m_CollisionDetection: 0
  m_Constraints: 0
--- !u!1 &6458905896683598112
GameObject:
  m_ObjectHideFlags: 0
  m_CorrespondingSourceObject: {fileID: 0}
  m_PrefabInstance: {fileID: 0}
  m_PrefabAsset: {fileID: 0}
  serializedVersion: 6
  m_Component:
  - component: {fileID: 3897934173651224118}
  m_Layer: 0
  m_Name: sight origin
  m_TagString: Untagged
  m_Icon: {fileID: 0}
  m_NavMeshLayer: 0
  m_StaticEditorFlags: 4294967295
  m_IsActive: 1
--- !u!4 &3897934173651224118
Transform:
  m_ObjectHideFlags: 0
  m_CorrespondingSourceObject: {fileID: 0}
  m_PrefabInstance: {fileID: 0}
  m_PrefabAsset: {fileID: 0}
  m_GameObject: {fileID: 6458905896683598112}
  m_LocalRotation: {x: 0, y: 0, z: 0, w: 1}
  m_LocalPosition: {x: 0.329, y: -0.331, z: 0}
  m_LocalScale: {x: 1, y: 1, z: 1}
  m_Children: []
  m_Father: {fileID: 5157482755334612278}
  m_RootOrder: 2
  m_LocalEulerAnglesHint: {x: 0, y: 0, z: 0}
--- !u!1 &6614568708921526330
GameObject:
  m_ObjectHideFlags: 0
  m_CorrespondingSourceObject: {fileID: 0}
  m_PrefabInstance: {fileID: 0}
  m_PrefabAsset: {fileID: 0}
  serializedVersion: 6
  m_Component:
  - component: {fileID: 4829408573165812424}
  - component: {fileID: 1904649048408906016}
  - component: {fileID: 635739832969342074}
  - component: {fileID: 4227765245182217408}
  m_Layer: 10
  m_Name: jet
  m_TagString: Untagged
  m_Icon: {fileID: 0}
  m_NavMeshLayer: 0
  m_StaticEditorFlags: 0
  m_IsActive: 1
--- !u!4 &4829408573165812424
Transform:
  m_ObjectHideFlags: 0
  m_CorrespondingSourceObject: {fileID: 0}
  m_PrefabInstance: {fileID: 0}
  m_PrefabAsset: {fileID: 0}
  m_GameObject: {fileID: 6614568708921526330}
  m_LocalRotation: {x: -0, y: -0, z: -0, w: 1}
  m_LocalPosition: {x: 0.263, y: -0.3, z: 0}
  m_LocalScale: {x: 1, y: 1, z: 1}
  m_Children:
  - {fileID: 3637869563159545721}
  - {fileID: 6816597312094385942}
  m_Father: {fileID: 5966869218129067507}
  m_RootOrder: 2
  m_LocalEulerAnglesHint: {x: 0, y: 0, z: 0}
--- !u!114 &1904649048408906016
MonoBehaviour:
  m_ObjectHideFlags: 0
  m_CorrespondingSourceObject: {fileID: 0}
  m_PrefabInstance: {fileID: 0}
  m_PrefabAsset: {fileID: 0}
  m_GameObject: {fileID: 6614568708921526330}
  m_Enabled: 1
  m_EditorHideFlags: 0
  m_Script: {fileID: 11500000, guid: 0ff685e897f414e28bdc49f953d2ec85, type: 3}
  m_Name: 
  m_EditorClassIdentifier: 
  IgnoreCull: 0
  culled: 0
  TeamFlags: 2
  Instigator: {fileID: 0}
  body: {fileID: 0}
  box: {fileID: 4227765245182217408}
  renderer: {fileID: 635739832969342074}
  animator: {fileID: 0}
  AutoPopulateLists: 0
  spriteRenderers:
  - {fileID: 635739832969342074}
  - {fileID: 6494025123659192790}
  - {fileID: 8251824608474667820}
  parentEntity: {fileID: 0}
  UseGravity: 0
  IsStatic: 1
  velocity: {x: 0, y: 0}
  inertia: {x: 0, y: 0}
  overrideVelocity: {x: 0, y: 0}
  carryEntity: {fileID: 0}
  carryConveyorBelt: {fileID: 0}
  conveyorMove: {x: 0, y: 0}
  friction: 0.05
  raylength: 0.01
  raylengthUP: 0.05
  contactSeparation: 0.01
  DownOffset: 0
  HeadOffset: 0.05
  collideRight: 0
  collideLeft: 0
  collideTop: 0
  collideBottom: 0
  EnablePathing: 0
  AgentTypeName: Small
  damageGraceActive: 0
  CanTakeDamage: 0
  DamageThreshold: 1
  ReflectIfBelowThreshold: 0
  Health: 3
  MaxHealth: 5
  soundHit: {fileID: 0}
  flashInterval: 0.05
  flashCount: 5
  ContactDamageDefinition: {fileID: 0}
  CrushDamageDefinition: {fileID: 0}
  EnableDeathSequence: 0
  boomDuration: 5
  boomRadius: 0.3
  boomFadeColor: {r: 0.9926471, g: 0.3533663, b: 0.2627595, a: 1}
  UseGlobalExplosion: 1
  dead: 0
  soundDeath: {fileID: 0}
  SpawnOnDeath: []
  EventDeath:
    m_PersistentCalls:
      m_Calls: []
  EventDestroyed:
    m_PersistentCalls:
      m_Calls: []
  CharacterLayer: 0
  AnimatedCharacterParts: []
--- !u!212 &635739832969342074
SpriteRenderer:
  m_ObjectHideFlags: 0
  m_CorrespondingSourceObject: {fileID: 0}
  m_PrefabInstance: {fileID: 0}
  m_PrefabAsset: {fileID: 0}
  m_GameObject: {fileID: 6614568708921526330}
  m_Enabled: 1
  m_CastShadows: 0
  m_ReceiveShadows: 0
  m_DynamicOccludee: 1
  m_MotionVectors: 1
  m_LightProbeUsage: 1
  m_ReflectionProbeUsage: 1
  m_RayTracingMode: 0
  m_RenderingLayerMask: 1
  m_RendererPriority: 0
  m_Materials:
  - {fileID: 2100000, guid: d905710c44976415991cc7aff39cfb39, type: 2}
  m_StaticBatchInfo:
    firstSubMesh: 0
    subMeshCount: 0
  m_StaticBatchRoot: {fileID: 0}
  m_ProbeAnchor: {fileID: 0}
  m_LightProbeVolumeOverride: {fileID: 0}
  m_ScaleInLightmap: 1
  m_ReceiveGI: 1
  m_PreserveUVs: 0
  m_IgnoreNormalsForChartDetection: 0
  m_ImportantGI: 0
  m_StitchLightmapSeams: 0
  m_SelectedEditorRenderState: 0
  m_MinimumChartSize: 4
  m_AutoUVMaxDistance: 0.5
  m_AutoUVMaxAngle: 89
  m_LightmapParameters: {fileID: 0}
  m_SortingLayerID: 1643776171
  m_SortingLayer: 1
  m_SortingOrder: -8
  m_Sprite: {fileID: -2490533035047583901, guid: 64314a0420c93471b9990c7b9f080a39,
    type: 3}
  m_Color: {r: 1, g: 1, b: 1, a: 1}
  m_FlipX: 0
  m_FlipY: 1
  m_DrawMode: 0
  m_Size: {x: 0.421875, y: 0.4375}
  m_AdaptiveModeThreshold: 0.5
  m_SpriteTileMode: 0
  m_WasSpriteAssigned: 1
  m_MaskInteraction: 0
  m_SpriteSortPoint: 0
--- !u!61 &4227765245182217408
BoxCollider2D:
  m_ObjectHideFlags: 0
  m_CorrespondingSourceObject: {fileID: 0}
  m_PrefabInstance: {fileID: 0}
  m_PrefabAsset: {fileID: 0}
  m_GameObject: {fileID: 6614568708921526330}
  m_Enabled: 1
  m_Density: 1
  m_Material: {fileID: 0}
  m_IsTrigger: 0
  m_UsedByEffector: 0
  m_UsedByComposite: 0
  m_Offset: {x: 0, y: 0}
  m_SpriteTilingProperty:
    border: {x: 0, y: 0, z: 0, w: 0}
    pivot: {x: 0.5, y: 0.5}
    oldSize: {x: 0.328125, y: 0.515625}
    newSize: {x: 0.421875, y: 0.4375}
    adaptiveTilingThreshold: 0.5
    drawMode: 0
    adaptiveTiling: 0
  m_AutoTiling: 0
  serializedVersion: 2
  m_Size: {x: 0.2, y: 0.2}
  m_EdgeRadius: 0
--- !u!1 &6707832868097803010
GameObject:
  m_ObjectHideFlags: 0
  m_CorrespondingSourceObject: {fileID: 0}
  m_PrefabInstance: {fileID: 0}
  m_PrefabAsset: {fileID: 0}
  serializedVersion: 6
  m_Component:
  - component: {fileID: 5627894327733988149}
  - component: {fileID: 6585558033166885534}
  m_Layer: 10
  m_Name: cannon
  m_TagString: Untagged
  m_Icon: {fileID: 0}
  m_NavMeshLayer: 0
  m_StaticEditorFlags: 0
  m_IsActive: 1
--- !u!4 &5627894327733988149
Transform:
  m_ObjectHideFlags: 0
  m_CorrespondingSourceObject: {fileID: 0}
  m_PrefabInstance: {fileID: 0}
  m_PrefabAsset: {fileID: 0}
  m_GameObject: {fileID: 6707832868097803010}
  m_LocalRotation: {x: 0, y: 0, z: -0.88134474, w: 0.47247383}
  m_LocalPosition: {x: 0, y: 0, z: 0}
  m_LocalScale: {x: 1, y: 1, z: 1}
  m_Children:
  - {fileID: 6505075185607120814}
  - {fileID: 6768289237980235847}
  - {fileID: 2282306873451683248}
  m_Father: {fileID: 2067732970088853673}
  m_RootOrder: 0
  m_LocalEulerAnglesHint: {x: 0, y: 0, z: -123.61}
--- !u!212 &6585558033166885534
SpriteRenderer:
  m_ObjectHideFlags: 0
  m_CorrespondingSourceObject: {fileID: 0}
  m_PrefabInstance: {fileID: 0}
  m_PrefabAsset: {fileID: 0}
  m_GameObject: {fileID: 6707832868097803010}
  m_Enabled: 1
  m_CastShadows: 0
  m_ReceiveShadows: 0
  m_DynamicOccludee: 1
  m_MotionVectors: 1
  m_LightProbeUsage: 1
  m_ReflectionProbeUsage: 1
  m_RayTracingMode: 0
  m_RenderingLayerMask: 1
  m_RendererPriority: 0
  m_Materials:
  - {fileID: 2100000, guid: d905710c44976415991cc7aff39cfb39, type: 2}
  m_StaticBatchInfo:
    firstSubMesh: 0
    subMeshCount: 0
  m_StaticBatchRoot: {fileID: 0}
  m_ProbeAnchor: {fileID: 0}
  m_LightProbeVolumeOverride: {fileID: 0}
  m_ScaleInLightmap: 1
  m_ReceiveGI: 1
  m_PreserveUVs: 0
  m_IgnoreNormalsForChartDetection: 0
  m_ImportantGI: 0
  m_StitchLightmapSeams: 1
  m_SelectedEditorRenderState: 0
  m_MinimumChartSize: 4
  m_AutoUVMaxDistance: 0.5
  m_AutoUVMaxAngle: 89
  m_LightmapParameters: {fileID: 0}
  m_SortingLayerID: 1643776171
  m_SortingLayer: 1
  m_SortingOrder: 4
  m_Sprite: {fileID: -3537209902276502839, guid: 64314a0420c93471b9990c7b9f080a39,
    type: 3}
  m_Color: {r: 1, g: 1, b: 1, a: 1}
  m_FlipX: 0
  m_FlipY: 0
  m_DrawMode: 0
  m_Size: {x: 0.671875, y: 0.28125}
  m_AdaptiveModeThreshold: 0.5
  m_SpriteTileMode: 0
  m_WasSpriteAssigned: 1
  m_MaskInteraction: 0
  m_SpriteSortPoint: 0
--- !u!1 &6719899051395107771
GameObject:
  m_ObjectHideFlags: 0
  m_CorrespondingSourceObject: {fileID: 0}
  m_PrefabInstance: {fileID: 0}
  m_PrefabAsset: {fileID: 0}
  serializedVersion: 6
  m_Component:
  - component: {fileID: 453127712578048844}
  - component: {fileID: 8374330893670325381}
  m_Layer: 10
  m_Name: dec
  m_TagString: Untagged
  m_Icon: {fileID: 0}
  m_NavMeshLayer: 0
  m_StaticEditorFlags: 0
  m_IsActive: 1
--- !u!4 &453127712578048844
Transform:
  m_ObjectHideFlags: 0
  m_CorrespondingSourceObject: {fileID: 0}
  m_PrefabInstance: {fileID: 0}
  m_PrefabAsset: {fileID: 0}
  m_GameObject: {fileID: 6719899051395107771}
  m_LocalRotation: {x: 0, y: 0, z: 0, w: 1}
  m_LocalPosition: {x: 0, y: -0.096, z: 0}
  m_LocalScale: {x: 1, y: 1, z: 1}
  m_Children: []
  m_Father: {fileID: 3038495529873185305}
  m_RootOrder: 1
  m_LocalEulerAnglesHint: {x: 0, y: 0, z: 0}
--- !u!212 &8374330893670325381
SpriteRenderer:
  m_ObjectHideFlags: 0
  m_CorrespondingSourceObject: {fileID: 0}
  m_PrefabInstance: {fileID: 0}
  m_PrefabAsset: {fileID: 0}
  m_GameObject: {fileID: 6719899051395107771}
  m_Enabled: 1
  m_CastShadows: 0
  m_ReceiveShadows: 0
  m_DynamicOccludee: 1
  m_MotionVectors: 1
  m_LightProbeUsage: 1
  m_ReflectionProbeUsage: 1
  m_RayTracingMode: 0
  m_RenderingLayerMask: 1
  m_RendererPriority: 0
  m_Materials:
  - {fileID: 2100000, guid: d905710c44976415991cc7aff39cfb39, type: 2}
  m_StaticBatchInfo:
    firstSubMesh: 0
    subMeshCount: 0
  m_StaticBatchRoot: {fileID: 0}
  m_ProbeAnchor: {fileID: 0}
  m_LightProbeVolumeOverride: {fileID: 0}
  m_ScaleInLightmap: 1
  m_ReceiveGI: 1
  m_PreserveUVs: 0
  m_IgnoreNormalsForChartDetection: 0
  m_ImportantGI: 0
  m_StitchLightmapSeams: 0
  m_SelectedEditorRenderState: 0
  m_MinimumChartSize: 4
  m_AutoUVMaxDistance: 0.5
  m_AutoUVMaxAngle: 89
  m_LightmapParameters: {fileID: 0}
  m_SortingLayerID: 1643776171
  m_SortingLayer: 1
  m_SortingOrder: 10
  m_Sprite: {fileID: -2490533035047583901, guid: 64314a0420c93471b9990c7b9f080a39,
    type: 3}
  m_Color: {r: 1, g: 1, b: 1, a: 1}
  m_FlipX: 0
  m_FlipY: 0
  m_DrawMode: 0
  m_Size: {x: 0.375, y: 0.671875}
  m_AdaptiveModeThreshold: 0.5
  m_SpriteTileMode: 0
  m_WasSpriteAssigned: 1
  m_MaskInteraction: 0
  m_SpriteSortPoint: 0
--- !u!1 &7116837879273777414
GameObject:
  m_ObjectHideFlags: 0
  m_CorrespondingSourceObject: {fileID: 0}
  m_PrefabInstance: {fileID: 0}
  m_PrefabAsset: {fileID: 0}
  serializedVersion: 6
  m_Component:
  - component: {fileID: 7983227409671938459}
  - component: {fileID: 8339149004346938192}
  m_Layer: 10
  m_Name: light
  m_TagString: Untagged
  m_Icon: {fileID: 0}
  m_NavMeshLayer: 0
  m_StaticEditorFlags: 4294967295
  m_IsActive: 0
--- !u!4 &7983227409671938459
Transform:
  m_ObjectHideFlags: 0
  m_CorrespondingSourceObject: {fileID: 0}
  m_PrefabInstance: {fileID: 0}
  m_PrefabAsset: {fileID: 0}
  m_GameObject: {fileID: 7116837879273777414}
  m_LocalRotation: {x: 0, y: 0, z: 0, w: 1}
  m_LocalPosition: {x: 0, y: 0.205, z: -0.1}
  m_LocalScale: {x: 1, y: 1, z: 1}
  m_Children: []
  m_Father: {fileID: 5157482755334612278}
  m_RootOrder: 1
  m_LocalEulerAnglesHint: {x: 0, y: 0, z: 0}
--- !u!114 &8339149004346938192
MonoBehaviour:
  m_ObjectHideFlags: 0
  m_CorrespondingSourceObject: {fileID: 0}
  m_PrefabInstance: {fileID: 0}
  m_PrefabAsset: {fileID: 0}
  m_GameObject: {fileID: 7116837879273777414}
  m_Enabled: 1
  m_EditorHideFlags: 0
  m_Script: {fileID: 11500000, guid: 073797afb82c5a1438f328866b10b3f0, type: 3}
  m_Name: 
  m_EditorClassIdentifier: 
  m_LightType: 0
  m_BlendStyleIndex: 0
  m_FalloffIntensity: 0.736
  m_Color: {r: 0.347, g: 0.6217103, b: 1, a: 1}
  m_Intensity: 2
  m_LightVolumeOpacity: 0
  m_ApplyToSortingLayers: ab08fa6100000000
  m_LightCookieSprite: {fileID: 0}
  m_UseNormalMap: 1
  m_LightOrder: 0
  m_AlphaBlendOnOverlap: 0
  m_ShadowIntensity: 0
  m_ShadowVolumeIntensity: 0
  m_PointLightInnerAngle: 360
  m_PointLightOuterAngle: 360
  m_PointLightInnerRadius: 0
  m_PointLightOuterRadius: 1
  m_PointLightDistance: 3
  m_PointLightQuality: 0
  m_ShapeLightParametricSides: 6
  m_ShapeLightParametricAngleOffset: 0
  m_ShapeLightParametricRadius: 0
  m_ShapeLightFalloffSize: 0.42
  m_ShapeLightFalloffOffset: {x: 0, y: 0}
  m_ShapePath:
  - {x: -0.5, y: -0.5, z: 0}
  - {x: 0.5, y: -0.5, z: 0}
  - {x: 0.5, y: 0.5, z: 0}
  - {x: -0.5, y: 0.5, z: 0}
--- !u!1 &7137901100738841604
GameObject:
  m_ObjectHideFlags: 0
  m_CorrespondingSourceObject: {fileID: 0}
  m_PrefabInstance: {fileID: 0}
  m_PrefabAsset: {fileID: 0}
  serializedVersion: 6
  m_Component:
  - component: {fileID: 1364886108330281215}
  m_Layer: 0
  m_Name: sight origin
  m_TagString: Untagged
  m_Icon: {fileID: 0}
  m_NavMeshLayer: 0
  m_StaticEditorFlags: 4294967295
  m_IsActive: 1
--- !u!4 &1364886108330281215
Transform:
  m_ObjectHideFlags: 0
  m_CorrespondingSourceObject: {fileID: 0}
  m_PrefabInstance: {fileID: 0}
  m_PrefabAsset: {fileID: 0}
  m_GameObject: {fileID: 7137901100738841604}
  m_LocalRotation: {x: 0, y: 0, z: 0, w: 1}
  m_LocalPosition: {x: 0.329, y: -0.331, z: 0}
  m_LocalScale: {x: 1, y: 1, z: 1}
  m_Children: []
  m_Father: {fileID: 2067732970088853673}
  m_RootOrder: 2
  m_LocalEulerAnglesHint: {x: 0, y: 0, z: 0}
--- !u!1 &7566131538950400983
GameObject:
  m_ObjectHideFlags: 0
  m_CorrespondingSourceObject: {fileID: 0}
  m_PrefabInstance: {fileID: 0}
  m_PrefabAsset: {fileID: 0}
  serializedVersion: 6
  m_Component:
  - component: {fileID: 3637869563159545721}
  - component: {fileID: 6494025123659192790}
  - component: {fileID: 2339299270833030215}
  m_Layer: 0
  m_Name: flash
  m_TagString: Untagged
  m_Icon: {fileID: 0}
  m_NavMeshLayer: 0
  m_StaticEditorFlags: 4294967295
  m_IsActive: 1
--- !u!4 &3637869563159545721
Transform:
  m_ObjectHideFlags: 0
  m_CorrespondingSourceObject: {fileID: 0}
  m_PrefabInstance: {fileID: 0}
  m_PrefabAsset: {fileID: 0}
  m_GameObject: {fileID: 7566131538950400983}
  m_LocalRotation: {x: -0, y: -0, z: -0, w: 1}
  m_LocalPosition: {x: 0, y: -0.258, z: 0}
  m_LocalScale: {x: 1, y: 1, z: 1}
  m_Children: []
  m_Father: {fileID: 4829408573165812424}
  m_RootOrder: 0
  m_LocalEulerAnglesHint: {x: 0, y: 0, z: 0}
--- !u!212 &6494025123659192790
SpriteRenderer:
  m_ObjectHideFlags: 0
  m_CorrespondingSourceObject: {fileID: 0}
  m_PrefabInstance: {fileID: 0}
  m_PrefabAsset: {fileID: 0}
  m_GameObject: {fileID: 7566131538950400983}
  m_Enabled: 1
  m_CastShadows: 0
  m_ReceiveShadows: 0
  m_DynamicOccludee: 1
  m_MotionVectors: 1
  m_LightProbeUsage: 1
  m_ReflectionProbeUsage: 1
  m_RayTracingMode: 0
  m_RenderingLayerMask: 1
  m_RendererPriority: 0
  m_Materials:
  - {fileID: 2100000, guid: d905710c44976415991cc7aff39cfb39, type: 2}
  m_StaticBatchInfo:
    firstSubMesh: 0
    subMeshCount: 0
  m_StaticBatchRoot: {fileID: 0}
  m_ProbeAnchor: {fileID: 0}
  m_LightProbeVolumeOverride: {fileID: 0}
  m_ScaleInLightmap: 1
  m_ReceiveGI: 1
  m_PreserveUVs: 0
  m_IgnoreNormalsForChartDetection: 0
  m_ImportantGI: 0
  m_StitchLightmapSeams: 0
  m_SelectedEditorRenderState: 0
  m_MinimumChartSize: 4
  m_AutoUVMaxDistance: 0.5
  m_AutoUVMaxAngle: 89
  m_LightmapParameters: {fileID: 0}
  m_SortingLayerID: 1643776171
  m_SortingLayer: 1
  m_SortingOrder: -8
  m_Sprite: {fileID: 21300066, guid: 64314a0420c93471b9990c7b9f080a39, type: 3}
  m_Color: {r: 1, g: 1, b: 1, a: 1}
  m_FlipX: 0
  m_FlipY: 0
  m_DrawMode: 0
  m_Size: {x: 0.125, y: 0.09375}
  m_AdaptiveModeThreshold: 0.5
  m_SpriteTileMode: 0
  m_WasSpriteAssigned: 1
  m_MaskInteraction: 0
  m_SpriteSortPoint: 0
--- !u!95 &2339299270833030215
Animator:
  serializedVersion: 3
  m_ObjectHideFlags: 0
  m_CorrespondingSourceObject: {fileID: 0}
  m_PrefabInstance: {fileID: 0}
  m_PrefabAsset: {fileID: 0}
  m_GameObject: {fileID: 7566131538950400983}
  m_Enabled: 1
  m_Avatar: {fileID: 0}
  m_Controller: {fileID: 9100000, guid: 273de3cb9d03d48bcbdf1373ff0ce0a0, type: 2}
  m_CullingMode: 0
  m_UpdateMode: 0
  m_ApplyRootMotion: 0
  m_LinearVelocityBlending: 0
  m_WarningMessage: 
  m_HasTransformHierarchy: 1
  m_AllowConstantClipSamplingOptimization: 1
  m_KeepAnimatorControllerStateOnDisable: 0
--- !u!1 &8263335624975896292
GameObject:
  m_ObjectHideFlags: 0
  m_CorrespondingSourceObject: {fileID: 0}
  m_PrefabInstance: {fileID: 0}
  m_PrefabAsset: {fileID: 0}
  serializedVersion: 6
  m_Component:
  - component: {fileID: 5157482755334612278}
  - component: {fileID: 642343505250965101}
  - component: {fileID: 2155473982404638502}
  - component: {fileID: 1577834567656861798}
  m_Layer: 10
  m_Name: turret front
  m_TagString: Untagged
  m_Icon: {fileID: 0}
  m_NavMeshLayer: 0
  m_StaticEditorFlags: 4294967295
  m_IsActive: 1
--- !u!4 &5157482755334612278
Transform:
  m_ObjectHideFlags: 0
  m_CorrespondingSourceObject: {fileID: 0}
  m_PrefabInstance: {fileID: 0}
  m_PrefabAsset: {fileID: 0}
  m_GameObject: {fileID: 8263335624975896292}
  m_LocalRotation: {x: 0, y: 0, z: 0, w: 1}
  m_LocalPosition: {x: -0.367, y: 0.283, z: 0}
  m_LocalScale: {x: 1, y: 1, z: 1}
  m_Children:
  - {fileID: 3038495529873185305}
  - {fileID: 7983227409671938459}
  - {fileID: 3897934173651224118}
  m_Father: {fileID: 2219795807463922871}
  m_RootOrder: 0
  m_LocalEulerAnglesHint: {x: 0, y: 0, z: 0}
--- !u!114 &642343505250965101
MonoBehaviour:
  m_ObjectHideFlags: 0
  m_CorrespondingSourceObject: {fileID: 0}
  m_PrefabInstance: {fileID: 0}
  m_PrefabAsset: {fileID: 0}
  m_GameObject: {fileID: 8263335624975896292}
  m_Enabled: 1
  m_EditorHideFlags: 0
  m_Script: {fileID: 11500000, guid: 60fbbeebc5bc04194ad70d3b43b11b47, type: 3}
  m_Name: 
  m_EditorClassIdentifier: 
  IgnoreCull: 0
  culled: 0
  TeamFlags: 2
  Instigator: {fileID: 0}
  body: {fileID: 0}
  box: {fileID: 1577834567656861798}
  renderer: {fileID: 0}
  animator: {fileID: 2155473982404638502}
  AutoPopulateLists: 0
  spriteRenderers:
  - {fileID: 3242324245278880875}
  - {fileID: 8374330893670325381}
  - {fileID: 3740323180042103821}
  parentEntity: {fileID: 0}
  UseGravity: 0
  IsStatic: 1
  velocity: {x: 0, y: 0}
  inertia: {x: 0, y: 0}
  overrideVelocity: {x: 0, y: 0}
  carryEntity: {fileID: 0}
  carryConveyorBelt: {fileID: 0}
  conveyorMove: {x: 0, y: 0}
  friction: 0.05
  raylength: 0.01
  raylengthUP: 0.05
  contactSeparation: 0.01
  DownOffset: 0
  HeadOffset: 0.05
  collideRight: 0
  collideLeft: 0
  collideTop: 0
  collideBottom: 0
  EnablePathing: 0
  AgentTypeName: Small
  damageGraceActive: 0
  CanTakeDamage: 0
  DamageThreshold: 1
  ReflectIfBelowThreshold: 0
  Health: 3
  MaxHealth: 5
  soundHit: {fileID: 8300000, guid: c56a0a004771144e4b4d61f17ebb15d2, type: 3}
  flashInterval: 0.05
  flashCount: 5
  ContactDamageDefinition: {fileID: 0}
  CrushDamageDefinition: {fileID: 0}
  EnableDeathSequence: 1
  boomDuration: 2
  boomRadius: 0.5
  boomFadeColor: {r: 0.9926471, g: 0.3533663, b: 0.2627595, a: 1}
  UseGlobalExplosion: 1
  dead: 0
  soundDeath: {fileID: 0}
  SpawnOnDeath:
  - alwaysSpawn: 1
    weight: 0
    prefab: {fileID: 7508246088768755821, guid: 26a3443420e1042b29cca514cf2004c4,
      type: 3}
  EventDeath:
    m_PersistentCalls:
      m_Calls: []
  EventDestroyed:
    m_PersistentCalls:
      m_Calls: []
  CharacterLayer: 0
  AnimatedCharacterParts: []
  AutoFire: 0
  AutoFireDirection: {x: 0, y: 0}
  cannon: {fileID: 3038495529873185305}
  sightRange: 6
  rotspeed: 200
  shotOrigin: {fileID: 2326721609369753864}
  WeaponDefinition: {fileID: 11400000, guid: a8ad658bd78184cb1b60f1ad0e4f28fe, type: 2}
  sightOrigin: {fileID: 3897934173651224118}
  sightPulseInterval: 1
  min: -180
  max: 180
  maxShootAngle: 5
  EnableLead: 0
  EnableAimVariance: 0
  varianceAmount: 1
  varianceflag: 0
  indexedColors: {fileID: 0}
--- !u!95 &2155473982404638502
Animator:
  serializedVersion: 3
  m_ObjectHideFlags: 0
  m_CorrespondingSourceObject: {fileID: 0}
  m_PrefabInstance: {fileID: 0}
  m_PrefabAsset: {fileID: 0}
  m_GameObject: {fileID: 8263335624975896292}
  m_Enabled: 1
  m_Avatar: {fileID: 0}
  m_Controller: {fileID: 9100000, guid: 153fb5d4d459f424eb62f1bdd7d8fb58, type: 2}
  m_CullingMode: 0
  m_UpdateMode: 0
  m_ApplyRootMotion: 0
  m_LinearVelocityBlending: 0
  m_WarningMessage: 
  m_HasTransformHierarchy: 1
  m_AllowConstantClipSamplingOptimization: 1
  m_KeepAnimatorControllerStateOnDisable: 0
--- !u!61 &1577834567656861798
BoxCollider2D:
  m_ObjectHideFlags: 0
  m_CorrespondingSourceObject: {fileID: 0}
  m_PrefabInstance: {fileID: 0}
  m_PrefabAsset: {fileID: 0}
  m_GameObject: {fileID: 8263335624975896292}
  m_Enabled: 1
  m_Density: 1
  m_Material: {fileID: 0}
  m_IsTrigger: 0
  m_UsedByEffector: 0
  m_UsedByComposite: 0
  m_Offset: {x: 0, y: 0}
  m_SpriteTilingProperty:
    border: {x: 0, y: 0, z: 0, w: 0}
    pivot: {x: 0.5, y: 0}
    oldSize: {x: 0.5, y: 0.359375}
    newSize: {x: 0.5, y: 0.359375}
    adaptiveTilingThreshold: 0.5
    drawMode: 0
    adaptiveTiling: 0
  m_AutoTiling: 0
  serializedVersion: 2
  m_Size: {x: 0.25, y: 0.3}
  m_EdgeRadius: 0
--- !u!1 &8327474782821891041
GameObject:
  m_ObjectHideFlags: 0
  m_CorrespondingSourceObject: {fileID: 0}
  m_PrefabInstance: {fileID: 0}
  m_PrefabAsset: {fileID: 0}
  serializedVersion: 6
  m_Component:
  - component: {fileID: 6768289237980235847}
  - component: {fileID: 5481852721358741073}
  m_Layer: 10
  m_Name: dec
  m_TagString: Untagged
  m_Icon: {fileID: 0}
  m_NavMeshLayer: 0
  m_StaticEditorFlags: 0
  m_IsActive: 1
--- !u!4 &6768289237980235847
Transform:
  m_ObjectHideFlags: 0
  m_CorrespondingSourceObject: {fileID: 0}
  m_PrefabInstance: {fileID: 0}
  m_PrefabAsset: {fileID: 0}
  m_GameObject: {fileID: 8327474782821891041}
  m_LocalRotation: {x: 0, y: 0, z: 0, w: 1}
  m_LocalPosition: {x: 0, y: -0.096, z: 0}
  m_LocalScale: {x: 1, y: 1, z: 1}
  m_Children: []
  m_Father: {fileID: 5627894327733988149}
  m_RootOrder: 1
  m_LocalEulerAnglesHint: {x: 0, y: 0, z: 0}
--- !u!212 &5481852721358741073
SpriteRenderer:
  m_ObjectHideFlags: 0
  m_CorrespondingSourceObject: {fileID: 0}
  m_PrefabInstance: {fileID: 0}
  m_PrefabAsset: {fileID: 0}
  m_GameObject: {fileID: 8327474782821891041}
  m_Enabled: 1
  m_CastShadows: 0
  m_ReceiveShadows: 0
  m_DynamicOccludee: 1
  m_MotionVectors: 1
  m_LightProbeUsage: 1
  m_ReflectionProbeUsage: 1
  m_RayTracingMode: 0
  m_RenderingLayerMask: 1
  m_RendererPriority: 0
  m_Materials:
  - {fileID: 2100000, guid: d905710c44976415991cc7aff39cfb39, type: 2}
  m_StaticBatchInfo:
    firstSubMesh: 0
    subMeshCount: 0
  m_StaticBatchRoot: {fileID: 0}
  m_ProbeAnchor: {fileID: 0}
  m_LightProbeVolumeOverride: {fileID: 0}
  m_ScaleInLightmap: 1
  m_ReceiveGI: 1
  m_PreserveUVs: 0
  m_IgnoreNormalsForChartDetection: 0
  m_ImportantGI: 0
  m_StitchLightmapSeams: 0
  m_SelectedEditorRenderState: 0
  m_MinimumChartSize: 4
  m_AutoUVMaxDistance: 0.5
  m_AutoUVMaxAngle: 89
  m_LightmapParameters: {fileID: 0}
  m_SortingLayerID: 1643776171
  m_SortingLayer: 1
  m_SortingOrder: 10
  m_Sprite: {fileID: -2490533035047583901, guid: 64314a0420c93471b9990c7b9f080a39,
    type: 3}
  m_Color: {r: 1, g: 1, b: 1, a: 1}
  m_FlipX: 0
  m_FlipY: 0
  m_DrawMode: 0
  m_Size: {x: 0.375, y: 0.671875}
  m_AdaptiveModeThreshold: 0.5
  m_SpriteTileMode: 0
  m_WasSpriteAssigned: 1
  m_MaskInteraction: 0
  m_SpriteSortPoint: 0
--- !u!1 &8393934904225493108
GameObject:
  m_ObjectHideFlags: 0
  m_CorrespondingSourceObject: {fileID: 0}
  m_PrefabInstance: {fileID: 0}
  m_PrefabAsset: {fileID: 0}
  serializedVersion: 6
  m_Component:
  - component: {fileID: 6864755412686333359}
  - component: {fileID: 6773912131805057493}
  - component: {fileID: 5249434563892154053}
  - component: {fileID: 3091230768013210814}
  m_Layer: 10
  m_Name: jet (1)
  m_TagString: Untagged
  m_Icon: {fileID: 0}
  m_NavMeshLayer: 0
  m_StaticEditorFlags: 0
  m_IsActive: 1
--- !u!4 &6864755412686333359
Transform:
  m_ObjectHideFlags: 0
  m_CorrespondingSourceObject: {fileID: 0}
  m_PrefabInstance: {fileID: 0}
  m_PrefabAsset: {fileID: 0}
  m_GameObject: {fileID: 8393934904225493108}
  m_LocalRotation: {x: -0, y: -0, z: -0, w: 1}
  m_LocalPosition: {x: -0.237, y: -0.3, z: 0}
  m_LocalScale: {x: 1, y: 1, z: 1}
  m_Children:
  - {fileID: 7146370071323608040}
  - {fileID: 2623802828900696790}
  m_Father: {fileID: 5966869218129067507}
  m_RootOrder: 3
  m_LocalEulerAnglesHint: {x: 0, y: 0, z: 0}
--- !u!114 &6773912131805057493
MonoBehaviour:
  m_ObjectHideFlags: 0
  m_CorrespondingSourceObject: {fileID: 0}
  m_PrefabInstance: {fileID: 0}
  m_PrefabAsset: {fileID: 0}
  m_GameObject: {fileID: 8393934904225493108}
  m_Enabled: 1
  m_EditorHideFlags: 0
  m_Script: {fileID: 11500000, guid: 0ff685e897f414e28bdc49f953d2ec85, type: 3}
  m_Name: 
  m_EditorClassIdentifier: 
  IgnoreCull: 0
  culled: 0
  TeamFlags: 2
  Instigator: {fileID: 0}
  body: {fileID: 0}
  box: {fileID: 3091230768013210814}
  renderer: {fileID: 5249434563892154053}
  animator: {fileID: 0}
  AutoPopulateLists: 0
  spriteRenderers:
  - {fileID: 5249434563892154053}
  - {fileID: 6268141112293963368}
  - {fileID: 6938331685854938373}
  parentEntity: {fileID: 0}
  UseGravity: 0
  IsStatic: 1
  velocity: {x: 0, y: 0}
  inertia: {x: 0, y: 0}
  overrideVelocity: {x: 0, y: 0}
  carryEntity: {fileID: 0}
  carryConveyorBelt: {fileID: 0}
  conveyorMove: {x: 0, y: 0}
  friction: 0.05
  raylength: 0.01
  raylengthUP: 0.05
  contactSeparation: 0.01
  DownOffset: 0
  HeadOffset: 0.05
  collideRight: 0
  collideLeft: 0
  collideTop: 0
  collideBottom: 0
  EnablePathing: 0
  AgentTypeName: Small
  damageGraceActive: 0
  CanTakeDamage: 0
  DamageThreshold: 1
  ReflectIfBelowThreshold: 0
  Health: 3
  MaxHealth: 5
  soundHit: {fileID: 0}
  flashInterval: 0.05
  flashCount: 5
  ContactDamageDefinition: {fileID: 0}
  CrushDamageDefinition: {fileID: 0}
  EnableDeathSequence: 0
  boomDuration: 5
  boomRadius: 0.3
  boomFadeColor: {r: 0.9926471, g: 0.3533663, b: 0.2627595, a: 1}
  UseGlobalExplosion: 1
  dead: 0
  soundDeath: {fileID: 0}
  SpawnOnDeath: []
  EventDeath:
    m_PersistentCalls:
      m_Calls: []
  EventDestroyed:
    m_PersistentCalls:
      m_Calls: []
  CharacterLayer: 0
  AnimatedCharacterParts: []
--- !u!212 &5249434563892154053
SpriteRenderer:
  m_ObjectHideFlags: 0
  m_CorrespondingSourceObject: {fileID: 0}
  m_PrefabInstance: {fileID: 0}
  m_PrefabAsset: {fileID: 0}
  m_GameObject: {fileID: 8393934904225493108}
  m_Enabled: 1
  m_CastShadows: 0
  m_ReceiveShadows: 0
  m_DynamicOccludee: 1
  m_MotionVectors: 1
  m_LightProbeUsage: 1
  m_ReflectionProbeUsage: 1
  m_RayTracingMode: 0
  m_RenderingLayerMask: 1
  m_RendererPriority: 0
  m_Materials:
  - {fileID: 2100000, guid: d905710c44976415991cc7aff39cfb39, type: 2}
  m_StaticBatchInfo:
    firstSubMesh: 0
    subMeshCount: 0
  m_StaticBatchRoot: {fileID: 0}
  m_ProbeAnchor: {fileID: 0}
  m_LightProbeVolumeOverride: {fileID: 0}
  m_ScaleInLightmap: 1
  m_ReceiveGI: 1
  m_PreserveUVs: 0
  m_IgnoreNormalsForChartDetection: 0
  m_ImportantGI: 0
  m_StitchLightmapSeams: 0
  m_SelectedEditorRenderState: 0
  m_MinimumChartSize: 4
  m_AutoUVMaxDistance: 0.5
  m_AutoUVMaxAngle: 89
  m_LightmapParameters: {fileID: 0}
  m_SortingLayerID: 1643776171
  m_SortingLayer: 1
  m_SortingOrder: -8
  m_Sprite: {fileID: -2490533035047583901, guid: 64314a0420c93471b9990c7b9f080a39,
    type: 3}
  m_Color: {r: 1, g: 1, b: 1, a: 1}
  m_FlipX: 0
  m_FlipY: 1
  m_DrawMode: 0
  m_Size: {x: 0.421875, y: 0.4375}
  m_AdaptiveModeThreshold: 0.5
  m_SpriteTileMode: 0
  m_WasSpriteAssigned: 1
  m_MaskInteraction: 0
  m_SpriteSortPoint: 0
--- !u!61 &3091230768013210814
BoxCollider2D:
  m_ObjectHideFlags: 0
  m_CorrespondingSourceObject: {fileID: 0}
  m_PrefabInstance: {fileID: 0}
  m_PrefabAsset: {fileID: 0}
  m_GameObject: {fileID: 8393934904225493108}
  m_Enabled: 1
  m_Density: 1
  m_Material: {fileID: 0}
  m_IsTrigger: 0
  m_UsedByEffector: 0
  m_UsedByComposite: 0
  m_Offset: {x: 0, y: 0}
  m_SpriteTilingProperty:
    border: {x: 0, y: 0, z: 0, w: 0}
    pivot: {x: 0.5, y: 0.5}
    oldSize: {x: 0.328125, y: 0.515625}
    newSize: {x: 0.421875, y: 0.4375}
    adaptiveTilingThreshold: 0.5
    drawMode: 0
    adaptiveTiling: 0
  m_AutoTiling: 0
  serializedVersion: 2
  m_Size: {x: 0.2, y: 0.2}
  m_EdgeRadius: 0
--- !u!1001 &2759869670992421327
PrefabInstance:
  m_ObjectHideFlags: 0
  serializedVersion: 2
  m_Modification:
    m_TransformParent: {fileID: 5966869218129067507}
    m_Modifications:
    - target: {fileID: 4308019422505264536, guid: 184831cd50f314a3b9f4b2b3c496d206,
        type: 3}
      propertyPath: m_Name
      value: armor
      objectReference: {fileID: 0}
    - target: {fileID: 4492123096244646658, guid: 184831cd50f314a3b9f4b2b3c496d206,
        type: 3}
      propertyPath: m_RootOrder
      value: 0
      objectReference: {fileID: 0}
    - target: {fileID: 4492123096244646658, guid: 184831cd50f314a3b9f4b2b3c496d206,
        type: 3}
      propertyPath: m_LocalPosition.x
      value: 0
      objectReference: {fileID: 0}
    - target: {fileID: 4492123096244646658, guid: 184831cd50f314a3b9f4b2b3c496d206,
        type: 3}
      propertyPath: m_LocalPosition.y
      value: 0.067
      objectReference: {fileID: 0}
    - target: {fileID: 4492123096244646658, guid: 184831cd50f314a3b9f4b2b3c496d206,
        type: 3}
      propertyPath: m_LocalPosition.z
      value: 0
      objectReference: {fileID: 0}
    - target: {fileID: 4492123096244646658, guid: 184831cd50f314a3b9f4b2b3c496d206,
        type: 3}
      propertyPath: m_LocalRotation.w
      value: 1
      objectReference: {fileID: 0}
    - target: {fileID: 4492123096244646658, guid: 184831cd50f314a3b9f4b2b3c496d206,
        type: 3}
      propertyPath: m_LocalRotation.x
      value: -0
      objectReference: {fileID: 0}
    - target: {fileID: 4492123096244646658, guid: 184831cd50f314a3b9f4b2b3c496d206,
        type: 3}
      propertyPath: m_LocalRotation.y
      value: -0
      objectReference: {fileID: 0}
    - target: {fileID: 4492123096244646658, guid: 184831cd50f314a3b9f4b2b3c496d206,
        type: 3}
      propertyPath: m_LocalRotation.z
      value: -0
      objectReference: {fileID: 0}
    - target: {fileID: 4492123096244646658, guid: 184831cd50f314a3b9f4b2b3c496d206,
        type: 3}
      propertyPath: m_LocalEulerAnglesHint.x
      value: 0
      objectReference: {fileID: 0}
    - target: {fileID: 4492123096244646658, guid: 184831cd50f314a3b9f4b2b3c496d206,
        type: 3}
      propertyPath: m_LocalEulerAnglesHint.y
      value: 0
      objectReference: {fileID: 0}
    - target: {fileID: 4492123096244646658, guid: 184831cd50f314a3b9f4b2b3c496d206,
        type: 3}
      propertyPath: m_LocalEulerAnglesHint.z
      value: 0
      objectReference: {fileID: 0}
    - target: {fileID: 5722434040474313408, guid: 184831cd50f314a3b9f4b2b3c496d206,
        type: 3}
      propertyPath: EventDestroyed.m_PersistentCalls.m_Calls.Array.data[0].m_Target
      value: 
      objectReference: {fileID: 5632757500956649663}
    m_RemovedComponents: []
  m_SourcePrefab: {fileID: 100100000, guid: 184831cd50f314a3b9f4b2b3c496d206, type: 3}
--- !u!212 &1168545175830513571 stripped
SpriteRenderer:
  m_CorrespondingSourceObject: {fileID: 3925598951197075052, guid: 184831cd50f314a3b9f4b2b3c496d206,
    type: 3}
  m_PrefabInstance: {fileID: 2759869670992421327}
  m_PrefabAsset: {fileID: 0}
--- !u!4 &1736767608786375373 stripped
Transform:
  m_CorrespondingSourceObject: {fileID: 4492123096244646658, guid: 184831cd50f314a3b9f4b2b3c496d206,
    type: 3}
  m_PrefabInstance: {fileID: 2759869670992421327}
  m_PrefabAsset: {fileID: 0}
