%YAML 1.1
%TAG !u! tag:unity3d.com,2011:
--- !u!1 &1268720782321642
GameObject:
  m_ObjectHideFlags: 0
  m_CorrespondingSourceObject: {fileID: 0}
  m_PrefabInstance: {fileID: 0}
  m_PrefabAsset: {fileID: 0}
  serializedVersion: 6
  m_Component:
  - component: {fileID: 4739618571392748}
  - component: {fileID: 781258803751863346}
  - component: {fileID: 212979940915122146}
  - component: {fileID: 4874249801477483448}
  - component: {fileID: 9109282300699132467}
  - component: {fileID: 5214964017334642413}
  m_Layer: 10
  m_Name: airbot base
  m_TagString: Untagged
  m_Icon: {fileID: -5442936267250999957, guid: 0000000000000000d000000000000000, type: 0}
  m_NavMeshLayer: 0
  m_StaticEditorFlags: 0
  m_IsActive: 1
--- !u!4 &4739618571392748
Transform:
  m_ObjectHideFlags: 0
  m_CorrespondingSourceObject: {fileID: 0}
  m_PrefabInstance: {fileID: 0}
  m_PrefabAsset: {fileID: 0}
  m_GameObject: {fileID: 1268720782321642}
  m_LocalRotation: {x: 0, y: 0, z: 0, w: 1}
  m_LocalPosition: {x: 4.163, y: -0.738, z: 0}
  m_LocalScale: {x: 1, y: 1, z: 1}
  m_Children:
  - {fileID: 9203506422267389143}
  m_Father: {fileID: 0}
  m_RootOrder: 0
  m_LocalEulerAnglesHint: {x: 0, y: 0, z: 0}
--- !u!114 &781258803751863346
MonoBehaviour:
  m_ObjectHideFlags: 0
  m_CorrespondingSourceObject: {fileID: 0}
  m_PrefabInstance: {fileID: 0}
  m_PrefabAsset: {fileID: 0}
  m_GameObject: {fileID: 1268720782321642}
  m_Enabled: 1
  m_EditorHideFlags: 0
  m_Script: {fileID: 11500000, guid: 67e5d864805334a2195c67774fadae3d, type: 3}
  m_Name: 
  m_EditorClassIdentifier: 
  IgnoreCull: 0
  culled: 0
  TeamFlags: 2
  Instigator: {fileID: 0}
  body: {fileID: 9109282300699132467}
  box: {fileID: 5214964017334642413}
  renderer: {fileID: 212979940915122146}
  animator: {fileID: 4874249801477483448}
  AutoPopulateLists: 1
  IgnoreCollideObjects: []
  spriteRenderers: []
  UseGravity: 0
  IsStatic: 0
  velocity: {x: 0, y: 0}
  Velocity: {x: 0, y: 0}
  inertia: {x: 0, y: 0}
  overrideVelocity: {x: 0, y: 0}
  carryEntity: {fileID: 0}
  carryConveyorBelt: {fileID: 0}
  conveyorMove: {x: 0, y: 0}
  friction: 0.5
  raylength: 0.01
  contactSeparation: 0.01
  DownOffset: 0
  collideRight: 0
  collideLeft: 0
  collideTop: 0
  collideBottom: 0
  EnablePathing: 1
  AgentTypeName: Small
  CanTakeDamage: 1
  Health: 1
  MaxHealth: 1
  soundHit: {fileID: 8300000, guid: 8096f0fea5d1c47d699cf45e25a4d951, type: 3}
  ContributeToHits: 1
  DamageThreshold: 1
  ReflectIfBelowThreshold: 0
  flashInterval: 0.05
  flashCount: 1
  contactDamageDefinition: {fileID: 11400000, guid: 12aab37bec3c44c7abc2c83f5fd9913c,
    type: 2}
  EnableVictorySequence: 0
  EnableDeathSequence: 0
  boomDuration: 2
  boomRadius: 0.2
  boomFadeColor: {r: 0.9926471, g: 0.3533663, b: 0.2627595, a: 1}
  UseGlobalExplosion: 1
  dead: 0
  soundDeath: {fileID: 0}
  SpawnOnDeath:
  - alwaysSpawn: 1
    weight: 0
    prefab: {fileID: 1678155047526447402, guid: 0b441ca38fb9146debe1d70a64193693,
      type: 3}
  - alwaysSpawn: 0
    weight: 1
    prefab: {fileID: 7811567057660064751, guid: 24e917afab41844c4aecb42d78844d12,
      type: 3}
  - alwaysSpawn: 0
    weight: 20
    prefab: {fileID: 7508246088768755821, guid: 26a3443420e1042b29cca514cf2004c4,
      type: 3}
  EventDeath:
    m_PersistentCalls:
      m_Calls: []
  EventDestroyed:
    m_PersistentCalls:
      m_Calls: []
  CharacterLayer: 0
  AnimatedCharacterParts: []
  AttackSpeed: 2
  targetOffset: 0.1
  lastKnownTargetDirection: {x: 0, y: 0}
  lastKnownTargetPosition: {x: 0, y: 0}
  sightOrigin: {fileID: 4739618571392748}
  visibleTarget: {fileID: 0}
  sightRange: 8
  WanderSpeed: 0.25
  WanderRadius: 1
  WanderInterval: 4
  WanderAngleChange: 20
  SearchSpeed: 2
  SearchRadius: 2
  anglerange: 20
  searchCountdownDuration: 5
--- !u!212 &212979940915122146
SpriteRenderer:
  m_ObjectHideFlags: 0
  m_CorrespondingSourceObject: {fileID: 0}
  m_PrefabInstance: {fileID: 0}
  m_PrefabAsset: {fileID: 0}
  m_GameObject: {fileID: 1268720782321642}
  m_Enabled: 1
  m_CastShadows: 0
  m_ReceiveShadows: 0
  m_DynamicOccludee: 1
  m_MotionVectors: 1
  m_LightProbeUsage: 1
  m_ReflectionProbeUsage: 1
  m_RayTracingMode: 0
  m_RenderingLayerMask: 1
  m_RendererPriority: 0
  m_Materials:
  - {fileID: 2100000, guid: d905710c44976415991cc7aff39cfb39, type: 2}
  m_StaticBatchInfo:
    firstSubMesh: 0
    subMeshCount: 0
  m_StaticBatchRoot: {fileID: 0}
  m_ProbeAnchor: {fileID: 0}
  m_LightProbeVolumeOverride: {fileID: 0}
  m_ScaleInLightmap: 1
  m_ReceiveGI: 1
  m_PreserveUVs: 0
  m_IgnoreNormalsForChartDetection: 0
  m_ImportantGI: 0
  m_StitchLightmapSeams: 0
  m_SelectedEditorRenderState: 0
  m_MinimumChartSize: 4
  m_AutoUVMaxDistance: 0.5
  m_AutoUVMaxAngle: 89
  m_LightmapParameters: {fileID: 0}
  m_SortingLayerID: 1643776171
  m_SortingLayer: 1
  m_SortingOrder: 0
  m_Sprite: {fileID: 21300054, guid: 64314a0420c93471b9990c7b9f080a39, type: 3}
  m_Color: {r: 1, g: 1, b: 1, a: 1}
  m_FlipX: 0
  m_FlipY: 0
  m_DrawMode: 0
  m_Size: {x: 0.25, y: 0.375}
  m_AdaptiveModeThreshold: 0.5
  m_SpriteTileMode: 0
  m_WasSpriteAssigned: 1
  m_MaskInteraction: 0
  m_SpriteSortPoint: 0
--- !u!95 &4874249801477483448
Animator:
  serializedVersion: 3
  m_ObjectHideFlags: 0
  m_CorrespondingSourceObject: {fileID: 0}
  m_PrefabInstance: {fileID: 0}
  m_PrefabAsset: {fileID: 0}
  m_GameObject: {fileID: 1268720782321642}
  m_Enabled: 1
  m_Avatar: {fileID: 0}
  m_Controller: {fileID: 9100000, guid: 20015236aa3294d2e9d13af0b6d990e1, type: 2}
  m_CullingMode: 2
  m_UpdateMode: 0
  m_ApplyRootMotion: 0
  m_LinearVelocityBlending: 0
  m_WarningMessage: 
  m_HasTransformHierarchy: 1
  m_AllowConstantClipSamplingOptimization: 1
  m_KeepAnimatorControllerStateOnDisable: 0
--- !u!50 &9109282300699132467
Rigidbody2D:
  serializedVersion: 4
  m_ObjectHideFlags: 0
  m_CorrespondingSourceObject: {fileID: 0}
  m_PrefabInstance: {fileID: 0}
  m_PrefabAsset: {fileID: 0}
  m_GameObject: {fileID: 1268720782321642}
  m_BodyType: 1
  m_Simulated: 1
  m_UseFullKinematicContacts: 0
  m_UseAutoMass: 0
  m_Mass: 1
  m_LinearDrag: 0
  m_AngularDrag: 0.05
  m_GravityScale: 1
  m_Material: {fileID: 0}
  m_Interpolate: 0
  m_SleepingMode: 1
  m_CollisionDetection: 0
  m_Constraints: 0
--- !u!61 &5214964017334642413
BoxCollider2D:
  m_ObjectHideFlags: 0
  m_CorrespondingSourceObject: {fileID: 0}
  m_PrefabInstance: {fileID: 0}
  m_PrefabAsset: {fileID: 0}
  m_GameObject: {fileID: 1268720782321642}
  m_Enabled: 1
  m_Density: 1
  m_Material: {fileID: 0}
  m_IsTrigger: 0
  m_UsedByEffector: 0
  m_UsedByComposite: 0
  m_Offset: {x: 0, y: 0}
  m_SpriteTilingProperty:
    border: {x: 0, y: 0, z: 0, w: 0}
    pivot: {x: 0.5, y: 0.5}
    oldSize: {x: 0.453125, y: 0.40625}
    newSize: {x: 0.25, y: 0.375}
    adaptiveTilingThreshold: 0.5
    drawMode: 0
    adaptiveTiling: 0
  m_AutoTiling: 0
  serializedVersion: 2
  m_Size: {x: 0.39, y: 0.36}
  m_EdgeRadius: 0
--- !u!1 &9209941920657911778
GameObject:
  m_ObjectHideFlags: 0
  m_CorrespondingSourceObject: {fileID: 0}
  m_PrefabInstance: {fileID: 0}
  m_PrefabAsset: {fileID: 0}
  serializedVersion: 6
  m_Component:
  - component: {fileID: 9203506422267389143}
  - component: {fileID: 6252819446673198804}
  m_Layer: 0
  m_Name: prop
  m_TagString: Untagged
  m_Icon: {fileID: 0}
  m_NavMeshLayer: 0
  m_StaticEditorFlags: 4294967295
  m_IsActive: 1
--- !u!4 &9203506422267389143
Transform:
  m_ObjectHideFlags: 0
  m_CorrespondingSourceObject: {fileID: 0}
  m_PrefabInstance: {fileID: 0}
  m_PrefabAsset: {fileID: 0}
  m_GameObject: {fileID: 9209941920657911778}
  m_LocalRotation: {x: 0, y: 0, z: 0, w: 1}
  m_LocalPosition: {x: 0, y: 0.246, z: 0}
  m_LocalScale: {x: 1, y: 1, z: 1}
  m_Children: []
  m_Father: {fileID: 4739618571392748}
  m_RootOrder: 0
  m_LocalEulerAnglesHint: {x: 0, y: 0, z: 0}
--- !u!212 &6252819446673198804
SpriteRenderer:
  m_ObjectHideFlags: 0
  m_CorrespondingSourceObject: {fileID: 0}
  m_PrefabInstance: {fileID: 0}
  m_PrefabAsset: {fileID: 0}
  m_GameObject: {fileID: 9209941920657911778}
  m_Enabled: 1
  m_CastShadows: 0
  m_ReceiveShadows: 0
  m_DynamicOccludee: 1
  m_MotionVectors: 1
  m_LightProbeUsage: 1
  m_ReflectionProbeUsage: 1
  m_RayTracingMode: 0
  m_RenderingLayerMask: 1
  m_RendererPriority: 0
  m_Materials:
  - {fileID: 2100000, guid: d905710c44976415991cc7aff39cfb39, type: 2}
  m_StaticBatchInfo:
    firstSubMesh: 0
    subMeshCount: 0
  m_StaticBatchRoot: {fileID: 0}
  m_ProbeAnchor: {fileID: 0}
  m_LightProbeVolumeOverride: {fileID: 0}
  m_ScaleInLightmap: 1
  m_ReceiveGI: 1
  m_PreserveUVs: 0
  m_IgnoreNormalsForChartDetection: 0
  m_ImportantGI: 0
  m_StitchLightmapSeams: 0
  m_SelectedEditorRenderState: 0
  m_MinimumChartSize: 4
  m_AutoUVMaxDistance: 0.5
  m_AutoUVMaxAngle: 89
  m_LightmapParameters: {fileID: 0}
  m_SortingLayerID: 1643776171
  m_SortingLayer: 1
  m_SortingOrder: 1
  m_Sprite: {fileID: 21300040, guid: 64314a0420c93471b9990c7b9f080a39, type: 3}
  m_Color: {r: 1, g: 1, b: 1, a: 1}
  m_FlipX: 0
  m_FlipY: 0
  m_DrawMode: 0
  m_Size: {x: 0.125, y: 0.09375}
  m_AdaptiveModeThreshold: 0.5
  m_SpriteTileMode: 0
  m_WasSpriteAssigned: 1
  m_MaskInteraction: 0
  m_SpriteSortPoint: 0
